@article{atkinson_divisor_1941,
	title = {A {DIVISOR} {PROBLEM}},
	volume = {os-12},
	issn = {0033-5606, 1464-3847},
	doi = {10.1093/qmath/os-12.1.193},
	number = {1},
	journal = {The Quarterly Journal of Mathematics},
	author = {Atkinson, F. V.},
	year = {1941},
	pages = {193--200},
}


@article {backlund,
    AUTHOR = {Backlund, R. J.},
     TITLE = {\"Uber die {N}ullstellen der {R}iemannschen {Z}etafunktion},
   JOURNAL = {Acta Math.},
  FJOURNAL = {Acta Mathematica},
    VOLUME = {41},
      YEAR = {1916},
    NUMBER = {1},
     PAGES = {345--375},
      ISSN = {0001-5962,1871-2509},
   MRCLASS = {99-04},
  MRNUMBER = {1555156},
       DOI = {10.1007/BF02422950},
       URL = {https://doi.org/10.1007/BF02422950},
}
@article {baker-harman,
    AUTHOR = {Baker, R. C. and Harman, G.},
     TITLE = {The difference between consecutive primes},
   JOURNAL = {Proc. London Math. Soc. (3)},
  FJOURNAL = {Proceedings of the London Mathematical Society. Third Series},
    VOLUME = {72},
      YEAR = {1996},
    NUMBER = {2},
     PAGES = {261--280},
      ISSN = {0024-6115,1460-244X},
   MRCLASS = {11N05 (11N36)},
  MRNUMBER = {1367079},
MRREVIEWER = {D.\ R.\ Heath-Brown},
       DOI = {10.1112/plms/s3-72.2.261},
       URL = {https://doi.org/10.1112/plms/s3-72.2.261},
}

@incollection {baker-harman-pintz_goldbach_1997,
    AUTHOR = {Baker, R. C. and Harman, G. and Pintz, J.},
     TITLE = {The exceptional set for {G}oldbach's problem in short
              intervals},
 BOOKTITLE = {Sieve methods, exponential sums, and their applications in
              number theory ({C}ardiff, 1995)},
    SERIES = {London Math. Soc. Lecture Note Ser.},
    VOLUME = {237},
     PAGES = {1--54},
 PUBLISHER = {Cambridge Univ. Press, Cambridge},
      YEAR = {1997},
      ISBN = {0-521-58957-6},
   MRCLASS = {11P32 (11N36 11P55)},
  MRNUMBER = {1635718},
MRREVIEWER = {Giovanni\ Coppola},
       DOI = {10.1017/CBO9780511526091.004},
       URL = {https://doi.org/10.1017/CBO9780511526091.004},
}

@article {baker-harman-pintz,
    AUTHOR = {Baker, R. C. and Harman, G. and Pintz, J.},
     TITLE = {The difference between consecutive primes. {II}},
   JOURNAL = {Proc. London Math. Soc. (3)},
  FJOURNAL = {Proceedings of the London Mathematical Society. Third Series},
    VOLUME = {83},
      YEAR = {2001},
    NUMBER = {3},
     PAGES = {532--562},
      ISSN = {0024-6115},
   MRCLASS = {11N05 (11N36)},
  MRNUMBER = {1851081},
MRREVIEWER = {D. R. Heath-Brown},
       DOI = {10.1112/plms/83.3.532},
       URL = {https://doi.org/10.1112/plms/83.3.532},
}

@incollection {balog,
    AUTHOR = {Balog, A.},
     TITLE = {The prime {$k$}-tuplets conjecture on average},
 BOOKTITLE = {Analytic number theory ({A}llerton {P}ark, {IL}, 1989)},
    SERIES = {Progr. Math.},
    VOLUME = {85},
     PAGES = {47--75},
 PUBLISHER = {Birkh\"auser Boston, Boston, MA},
      YEAR = {1990},
   MRCLASS = {11P32 (11N25 11P55)},
  MRNUMBER = {1084173 (92e:11105)},
MRREVIEWER = {D. R. Heath-Brown},
       DOI = {10.1007/978-1-4612-3464-7_5},
       URL = {http://dx.doi.org/10.1007/978-1-4612-3464-7_5},
}

@phdthesis{baluyot_thesis,
	title={On the zeros of Riemann's zeta-function},
	author={S. Baluyot},
  school={University of Rochester},
	year={2017}}


@article{bellotti_generalised_2023,
	title = {On the generalised {Dirichlet} divisor problem},
	volume = {56},
	number = {5},
	journal = {Bulletin of the London Mathematical Society},
	author = {Bellotti, Chiara and Yang, Andrew},
	month = may,
	year = {2024},
	pages = {1859--1878},
}

@misc{bellotti,
Author = {Chiara Bellotti},
Title = {Explicit zero density estimate near unity},
Year = {2023},
Eprint = {arXiv:2311.05136},
}

@misc{bellotti_2024,
Author = {Chiara Bellotti},
Title = {An explicit log-free zero density estimate for the Riemann zeta-function},
Year = {2024},
Eprint = {arXiv:2405.12545},
}

@article {bl,
    AUTHOR = {Bergelson, V. and Leibman, A.},
     TITLE = {Polynomial extensions of van der {W}aerden's and {S}zemer\'{e}di's
              theorems},
   JOURNAL = {J. Amer. Math. Soc.},
  FJOURNAL = {Journal of the American Mathematical Society},
    VOLUME = {9},
      YEAR = {1996},
    NUMBER = {3},
     PAGES = {725--753},
      ISSN = {0894-0347},
   MRCLASS = {11B25 (05D10 28D05 54H20)},
  MRNUMBER = {1325795},
MRREVIEWER = {Pierre Michel},
       DOI = {10.1090/S0894-0347-96-00194-4},
       URL = {https://ezproxy-prd.bodleian.ox.ac.uk:4563/10.1090/S0894-0347-96-00194-4},
}

@article {Bettin,
    AUTHOR = {Bettin, S.},
     TITLE = {High moments of the {E}stermann function},
   JOURNAL = {Algebra Number Theory},
  FJOURNAL = {Algebra \& Number Theory},
    VOLUME = {13},
      YEAR = {2019},
    NUMBER = {2},
     PAGES = {251--300},
      ISSN = {1937-0652,1944-7833},
   MRCLASS = {11M06 (11A55 11M41 11N75)},
  MRNUMBER = {3927047},
MRREVIEWER = {Ayyadurai\ Sankaranarayanan},
       DOI = {10.2140/ant.2019.13.251},
       URL = {https://doi.org/10.2140/ant.2019.13.251},
}

@article {blakley,
    AUTHOR = {Blakley, G. R. and Roy, P.},
    TITLE = {A {H}\"older type inequality for symmetric matrices with nonnegative entries},
    JOURNAL = {Proc. Amer. Math. Soc.},
    FJOURNAL = {Proceedings of the American Mathematical Society},
    VOLUME = {16},
    YEAR = {1965},
    PAGES = {1244--1245},
    ISSN = {0002-9939},
    MRCLASS = {15.70},
    MRNUMBER = {0184950},
    MRREVIEWER = {L. Mirsky},
    DOI = {10.2307/2035908},
    URL = {https://doi.org/10.2307/2035908},
}

@article {Blomer,
    AUTHOR = {Blomer, V.},
     TITLE = {On triple correlations of divisor functions},
   JOURNAL = {Bull. Lond. Math. Soc.},
  FJOURNAL = {Bulletin of the London Mathematical Society},
    VOLUME = {49},
      YEAR = {2017},
    NUMBER = {1},
     PAGES = {10--22},
      ISSN = {0024-6093},
   MRCLASS = {11N37 (11F72)},
  MRNUMBER = {3653097},
MRREVIEWER = {Benjamin Linowitz},
       DOI = {10.1112/blms.12004},
       URL = {https://doi.org/10.1112/blms.12004},
}

@book {bombieri_1974,
    AUTHOR = {Bombieri, Enrico},
     TITLE = {Le grand crible dans la th\'eorie analytique des nombres},
    SERIES = {Ast\'erisque},
    VOLUME = {No. 18},
      NOTE = {Avec une sommaire en anglais},
 PUBLISHER = {Soci\'et\'e{} Math\'ematique de France, Paris},
      YEAR = {1974},
     PAGES = {i+87},
   MRCLASS = {10H30},
  MRNUMBER = {371840},
MRREVIEWER = {H.\ L.\ Montgomery},
}

@article{bombieri_order_1986,
     author = {Bombieri, E. and Iwaniec, H.},
     title = {On the order of $\zeta (\frac{1}{2} + it)$},
     journal = {Annali della Scuola Normale Superiore di Pisa - Classe di Scienze},
     pages = {449--472},
     publisher = {Scuola normale superiore},
     volume = {Ser. 4, 13},
     number = {3},
     year = {1986},
}

@incollection {bourgain_montgomery_1991,
    AUTHOR = {Bourgain, J.},
     TITLE = {Remarks on {M}ontgomery's conjectures on {D}irichlet sums},
 BOOKTITLE = {Geometric aspects of functional analysis (1989--90)},
    SERIES = {Lecture Notes in Math.},
    VOLUME = {1469},
     PAGES = {153--165},
 PUBLISHER = {Springer, Berlin},
      YEAR = {1991},
      ISBN = {3-540-54024-5},
   MRCLASS = {11M41},
  MRNUMBER = {1122620},
MRREVIEWER = {G.\ Greaves},
       DOI = {10.1007/BFb0089222},
       URL = {https://doi.org/10.1007/BFb0089222},
}

@incollection{bourgain_remarks_1995,
	address = {Basel},
	title = {Remarks on {Halasz}-{Montgomery} {Type} {Inequalities}},
	booktitle = {Geometric {Aspects} of {Functional} {Analysis}},
	publisher = {Birkh√§user Basel},
	author = {Bourgain, Jean},
	editor = {Lindenstrauss, J. and Milman, V.},
	year = {1995},
	pages = {25--39},
}

@article{bourgain_large_2000,
	title = {On large values estimates for Dirichlet polynomials and the density hypothesis for the Riemann zeta function},
	volume = {2000},
	issn = {10737928},
	doi = {10.1155/S107379280000009X},
	number = {3},
	journal = {International Mathematics Research Notices},
	author = {Bourgain, Jean},
	year = {2000},
	pages = {133--146},
}

@incollection {bourgain_dirichlet_2000,
    AUTHOR = {Bourgain, J.},
     TITLE = {On the distribution of {D}irichlet sums. {II}},
 BOOKTITLE = {Number theory for the millennium, {I} ({U}rbana, {IL}, 2000)},
     PAGES = {87--109},
 PUBLISHER = {A K Peters, Natick, MA},
      YEAR = {2002},
      ISBN = {1-56881-126-8},
   MRCLASS = {11M26},
  MRNUMBER = {1956220},
MRREVIEWER = {Jerzy\ Kaczorowski},
}

@article {bourgain_demeter_guth,
    AUTHOR = {Bourgain, Jean and Demeter, Ciprian and Guth, Larry},
     TITLE = {Proof of the main conjecture in {V}inogradov's mean value
              theorem for degrees higher than three},
   JOURNAL = {Ann. of Math. (2)},
  FJOURNAL = {Annals of Mathematics. Second Series},
    VOLUME = {184},
      YEAR = {2016},
    NUMBER = {2},
     PAGES = {633--682},
      ISSN = {0003-486X,1939-8980},
   MRCLASS = {11P05 (11N25)},
  MRNUMBER = {3548534},
MRREVIEWER = {Ben\ Joseph\ Green},
       DOI = {10.4007/annals.2016.184.2.7},
       URL = {https://doi.org/10.4007/annals.2016.184.2.7},
}

@article{bourgain_decoupling_2017,
	title = {Decoupling, exponential sums and the {Riemann} zeta function},
	volume = {30},
	number = {1},
	urldate = {2023-04-04},
	journal = {Journal of the American Mathematical Society},
	author = {Bourgain, J.},
	month = jan,
	year = {2017},
	pages = {205--224},
}
@Article{carlson_uber_1921,
     Author = {Carlson, F.},
     Title = {\"{U}ber die Nullstellen der Dirichletschen Reihen und der Riemannschen $\zeta$-Funktion},
     FJournal = {Arkiv f\"{o}r Matematik, Astronomi och Fysik},
     Journal = {Ark. Mat. Astron. Fys.},
     ISSN = {0365-4133},
     Volume = {15},
     Number = {20},
     Pages = {28},
     Year = {1921}
}

@article{chen_divisor_1965,
	title = {On the divisor problem for $d_3(n)$},
	volume = {14},
	journal = {Sci. Sinica},
	author = {Chen, Jing-run},
	year = {1965},
	pages = {19--29},
}
@article{chen_debruyne_vindas_density_2024,
	title = {On the density hypothesis for $L$-functions associated with holomorphic cusp forms},
	journal = {Revista Matem√°tica Iberoamericana},
	author = {Chen, Bin and Debruyne, Gregory and Vindas, Jasson},
	month = apr,
	year = {2024},
	note = {Published online first}
}

@article{chih_on_1950,
	title = {A divisor problem},
	volume = {3},
	journal = {Acad. Sinica Sci. Record},
	author = {Chih, Tsung-tao},
	year = {1950},
	pages = {177-182},
}

@book {Chowla-book,
    AUTHOR = {Chowla, S.},
     TITLE = {The {R}iemann hypothesis and {H}ilbert's tenth problem},
    SERIES = {Mathematics and Its Applications, Vol. 4},
 PUBLISHER = {Gordon and Breach Science Publishers, New York-London-Paris},
      YEAR = {1965},
     PAGES = {xv+119},
   MRCLASS = {10.41 (10.10)},
  MRNUMBER = {0177943 (31 \#2201)},
MRREVIEWER = {S. Knapowski},
}

@article {cladek-tao,
    AUTHOR = {Cladek, Laura and Tao, Terence},
     TITLE = {Additive energy of regular measures in one and higher
              dimensions, and the fractal uncertainty principle},
   JOURNAL = {Ars Inven. Anal.},
  FJOURNAL = {Ars Inveniendi Analytica},
      YEAR = {2021},
     PAGES = {Paper No. 1, 38},
      ISSN = {2769-8505},
   MRCLASS = {28A80 (11B30 31E05)},
  MRNUMBER = {4462469},
MRREVIEWER = {Juha\ K.\ Kinnunen},
}

@article {CZ99,
    AUTHOR = {Cochrane, T. and Zheng, Z.},
     TITLE = {Pure and mixed exponential sums},
   JOURNAL = {Acta Arith.},
  FJOURNAL = {Acta Arithmetica},
    VOLUME = {91},
      YEAR = {1999},
    NUMBER = {3},
     PAGES = {249--278},
      ISSN = {0065-1036},
   MRCLASS = {11L03 (11L10 11L40)},
  MRNUMBER = {1735676},
MRREVIEWER = {D. R. Heath-Brown},
       DOI = {10.4064/aa-91-3-249-278},
       URL = {https://doi.org/10.4064/aa-91-3-249-278},
}

@article{conrey_at_1989,
    author = {J. B. Conrey},
    title = {{At least two fifths of the zeros of the Riemann zeta function are on the critical line}},
    volume = {20},
    journal = {Bulletin (New Series) of the American Mathematical Society},
    number = {1},
    publisher = {American Mathematical Society},
    pages = {79--81},
    year = {1989},
}

@article {conrey-gonek,
    AUTHOR = {Conrey, J. B. and Gonek, S. M.},
     TITLE = {High moments of the {R}iemann zeta-function},
   JOURNAL = {Duke Math. J.},
  FJOURNAL = {Duke Mathematical Journal},
    VOLUME = {107},
      YEAR = {2001},
    NUMBER = {3},
     PAGES = {577--604},
      ISSN = {0012-7094},
   MRCLASS = {11M06 (11M26)},
  MRNUMBER = {1828303},
MRREVIEWER = {Cem Y. Y\i ld\i r\i m},
       DOI = {10.1215/S0012-7094-01-10737-0},
       URL = {https://doi.org/10.1215/S0012-7094-01-10737-0},
}

@article {cook_1979,
    AUTHOR = {Cook, R. J.},
     TITLE = {On the occurrence of large gaps between prime numbers},
   JOURNAL = {Glasgow Math. J.},
  FJOURNAL = {Glasgow Mathematical Journal},
    VOLUME = {20},
      YEAR = {1979},
    NUMBER = {1},
     PAGES = {43--48},
      ISSN = {0017-0895,1469-509X},
   MRCLASS = {10H15},
  MRNUMBER = {523787},
MRREVIEWER = {V.\ C.\ Harris},
       DOI = {10.1017/S0017089500003700},
       URL = {https://doi.org/10.1017/S0017089500003700},
}

@article {cosv,
    AUTHOR = {Csordas, G. and Odlyzko, A. M. and Smith, W. and Varga, R. S.},
     TITLE = {A new {L}ehmer pair of zeros and a new lower bound for the de
              {B}ruijn-{N}ewman constant {$\Lambda$}},
   JOURNAL = {Electron. Trans. Numer. Anal.},
  FJOURNAL = {Electronic Transactions on Numerical Analysis},
    VOLUME = {1},
      YEAR = {1993},
     PAGES = {104--111 (electronic only)},
      ISSN = {1068-9613},
   MRCLASS = {11M26 (30D10 30D15 65E05)},
  MRNUMBER = {1253639},
MRREVIEWER = {Harvey\ Cohn},
}

@article{cramer_uber_1922,
    author = {Cram\'{e}r, H.},
     title = {\"{u}ber das {T}eilerproblem von {P}iltz},
      year = {1922},
   journal = {Arkiv f\"{o}r Mat. Astr. och. Fysik},
    volume = {16},
    number = {21}
}
@article{cramer,
    AUTHOR = {Cram\'{e}r, H.},
     TITLE = {On the order of magnitude of the difference between consecutive prime numbers},
   JOURNAL = {Acta Arith.},
  FJOURNAL = {Acta Arithmetica},
    VOLUME = {2},
      YEAR = {1936},
     PAGES = {23--46}
}

@article {cnv,
    AUTHOR = {Csordas, G. and Norfolk, T. S. and Varga, R. S.},
     TITLE = {A lower bound for the de {B}ruijn-{N}ewman constant
              {$\Lambda$}},
   JOURNAL = {Numer. Math.},
  FJOURNAL = {Numerische Mathematik},
    VOLUME = {52},
      YEAR = {1988},
    NUMBER = {5},
     PAGES = {483--497},
      ISSN = {0029-599X,0945-3245},
   MRCLASS = {30D10 (11Y35 65E05)},
  MRNUMBER = {945095},
MRREVIEWER = {G.\ Opfer},
       DOI = {10.1007/BF01400887},
       URL = {https://doi.org/10.1007/BF01400887},
}
@article {csv,
    AUTHOR = {Csordas, George and Smith, Wayne and Varga, Richard S.},
     TITLE = {Lehmer pairs of zeros, the de {B}ruijn-{N}ewman constant
              {$\Lambda$}, and the {R}iemann hypothesis},
   JOURNAL = {Constr. Approx.},
  FJOURNAL = {Constructive Approximation. An International Journal for
              Approximations and Expansions},
    VOLUME = {10},
      YEAR = {1994},
    NUMBER = {1},
     PAGES = {107--129},
      ISSN = {0176-4276,1432-0940},
   MRCLASS = {30D10 (30D15)},
  MRNUMBER = {1260363},
MRREVIEWER = {Timothy\ S.\ Norfolk},
       DOI = {10.1007/BF01205170},
       URL = {https://doi.org/10.1007/BF01205170},
}

@article{csordas_laguerre_1991,
	title = {The {Laguerre} inequalities with applications to a problem associated with the {Riemann} hypothesis},
	volume = {1},
	copyright = {http://www.springer.com/tdm},
	issn = {1017-1398, 1572-9265},
	doi = {10.1007/BF02142328},
	number = {2},
	journal = {Numerical Algorithms},
	author = {Csordas, G. and Ruttan, A. and Varga, R. S.},
	month = jun,
	year = {1991},
	pages = {305--329},
}

@article{davenport,
    AUTHOR = {Davenport, H.},
    TITLE = {On some infinite series involving arithmetical functions. II},
    JOURNAL = {Quart. J. Math. Oxf.},
    VOLUME = {8},
    YEAR = {1937},
    PAGES={313--320}
}

@article {debr,
    AUTHOR = {de Bruijn, N. G.},
     TITLE = {The roots of trigonometric integrals},
   JOURNAL = {Duke Math. J.},
  FJOURNAL = {Duke Mathematical Journal},
    VOLUME = {17},
      YEAR = {1950},
     PAGES = {197--226},
      ISSN = {0012-7094,1547-7398},
   MRCLASS = {30.0X},
  MRNUMBER = {37351},
MRREVIEWER = {J.\ Korevaar},
       URL = {http://projecteuclid.org/euclid.dmj/1077476111},
}

@article{demeter_small_2020,
    author = {Demeter, Ciprian and Guth, Larry and Wang, Hong},
    year = {2020},
    month = {08},
    pages = {989--1062},
    title = {Small cap decouplings},
    volume = {30},
    number = {4},
    journal = {Geometric and Functional Analysis}
}

@article {dobner,
    AUTHOR = {Dobner, Alexander},
     TITLE = {A proof of {N}ewman's conjecture for the extended {S}elberg
              class},
   JOURNAL = {Acta Arith.},
  FJOURNAL = {Acta Arithmetica},
    VOLUME = {201},
      YEAR = {2021},
    NUMBER = {1},
     PAGES = {29--62},
      ISSN = {0065-1036,1730-6264},
   MRCLASS = {11M06 (11M41)},
  MRNUMBER = {4336304},
MRREVIEWER = {Almasa\ Od\v zak},
       DOI = {10.4064/aa200603-23-7},
       URL = {https://doi.org/10.4064/aa200603-23-7},
}

@article{dodos,
       author = {{Dodos}, P. and {Kanellopoulos}, V.},
        title = "{Uniformity norms, their weaker versions, and applications}",
      journal = {arXiv e-prints},
     keywords = {Mathematics - Number Theory, Mathematics - Combinatorics},
         year = 2016,
        month = oct,
          eid = {arXiv:1610.00487},
        pages = {arXiv:1610.00487},
archivePrefix = {arXiv},
       eprint = {1610.00487},
 primaryClass = {math.NT},
       adsurl = {https://ui.adsabs.harvard.edu/abs/2016arXiv161000487D},
      adsnote = {Provided by the SAO/NASA Astrophysics Data System}
}

@article {dfi,
    AUTHOR = {Duke, W. and Friedlander, J. B. and Iwaniec, H.},
     TITLE = {A quadratic divisor problem},
   JOURNAL = {Invent. Math.},
  FJOURNAL = {Inventiones Mathematicae},
    VOLUME = {115},
      YEAR = {1994},
    NUMBER = {2},
     PAGES = {209--217},
      ISSN = {0020-9910},
   MRCLASS = {11N37 (11L07)},
  MRNUMBER = {1258903},
MRREVIEWER = {James Lee Hafner},
       DOI = {10.1007/BF01231758},
       URL = {https://doi.org/10.1007/BF01231758},
}

@article {duttlinger_schwarz,
    AUTHOR = {Duttlinger, Johann and Schwarz, Wolfgang},
     TITLE = {\"Uber die {V}erteilung der pythagor\"aischen {D}reiecke},
   JOURNAL = {Colloq. Math.},
  FJOURNAL = {Colloquium Mathematicum},
    VOLUME = {43},
      YEAR = {1980},
    NUMBER = {2},
     PAGES = {365--372},
      ISSN = {0010-1354,1730-6302},
   MRCLASS = {10B05},
  MRNUMBER = {628191},
MRREVIEWER = {Takashi\ Agoh},
       DOI = {10.4064/cm-43-2-365-372},
       URL = {https://doi.org/10.4064/cm-43-2-365-372},
}

@article{elliott-antaaa,
Author = {Jesse Elliott},
Title = {Analytic Number Theory and Algebraic Asymptotic Analysis},
Year = {2024},
Eprint = {arXiv:2407.17820},
Doi = {10.1142/13521},
}

@book {ElliottBook,
    AUTHOR = {Elliott, P. D. T. A.},
    TITLE = {Probabilistic number theory. {I}},
    SERIES = {Grundlehren der Mathematischen Wissenschaften [Fundamental Principles of Mathematical Science]},
    VOLUME = {239},
    NOTE = {Mean-value theorems},
    PUBLISHER = {Springer-Verlag, New York-Berlin},
    YEAR = {1979},
    PAGES = {xxii+359+xxxiii pp. (2 plates)},
    ISBN = {0-387-90437-9},
    MRCLASS = {10-02 (10K20 60C05)},
    MRNUMBER = {551361},
    MRREVIEWER = {J. Kubilius},
}

@article {EHK,
    AUTHOR = {Ernvall-Hyt\"{o}nen, Anne-Maria and Karppinen, Kimmo},
     TITLE = {On short exponential sums involving {F}ourier coefficients of
              holomorphic cusp forms},
   JOURNAL = {Int. Math. Res. Not. IMRN},
  FJOURNAL = {International Mathematics Research Notices. IMRN},
      YEAR = {2008},
    NUMBER = {10},
     PAGES = {Art. ID. rnn022, 44},
      ISSN = {1073-7928},
   MRCLASS = {11L07 (11F30)},
  MRNUMBER = {2429240},
MRREVIEWER = {Gergely Harcos},
       DOI = {10.1093/imrn/rnn022},
       URL = {https://doi.org/10.1093/imrn/rnn022},
}

@article {filaseta,
    AUTHOR = {Filaseta, Michael and Trifonov, Ognian},
     TITLE = {On gaps between squarefree numbers. {II}},
   JOURNAL = {J. London Math. Soc. (2)},
  FJOURNAL = {Journal of the London Mathematical Society. Second Series},
    VOLUME = {45},
      YEAR = {1992},
    NUMBER = {2},
     PAGES = {215--221},
      ISSN = {0024-6107},
   MRCLASS = {11N25 (11B05)},
  MRNUMBER = {1171549},
MRREVIEWER = {S. W. Graham},
       DOI = {10.1112/jlms/s2-45.2.215},
       URL = {https://ezproxy-prd.bodleian.ox.ac.uk:2102/10.1112/jlms/s2-45.2.215},
}

@article {flam,
    AUTHOR = {Flaminio, Livio and Fr\k{a}czek, Krzysztof and Ku\l aga-Przymus,
              Joanna and Lema\'{n}czyk, Mariusz},
     TITLE = {Approximate orthogonality of powers for ergodic affine
              unipotent diffeomorphisms on nilmanifolds},
   JOURNAL = {Studia Math.},
  FJOURNAL = {Studia Mathematica},
    VOLUME = {244},
      YEAR = {2019},
    NUMBER = {1},
     PAGES = {43--97},
      ISSN = {0039-3223},
   MRCLASS = {37A05 (11N37 37A17 37A45 37D40)},
  MRNUMBER = {3850672},
MRREVIEWER = {Thomas Ward},
       DOI = {10.4064/sm170512-25-9},
       URL = {https://doi.org/10.4064/sm170512-25-9},
}

@article {fogels,
    AUTHOR = {Fogels, E.},
     TITLE = {On the zeros of {$L$}-functions},
   JOURNAL = {Acta Arith.},
  FJOURNAL = {Polska Akademia Nauk. Instytut Matematyczny. Acta Arithmetica},
    VOLUME = {11},
      YEAR = {1965},
     PAGES = {67--96},
      ISSN = {0065-1036},
   MRCLASS = {10.41},
  MRNUMBER = {176962},
MRREVIEWER = {S.\ Knapowski},
       DOI = {10.4064/aa-11-1-67-96},
       URL = {https://doi.org/10.4064/aa-11-1-67-96},
}

@article {FordZeta,
    AUTHOR = {Ford, K.},
     TITLE = {Vinogradov's integral and bounds for the {R}iemann zeta function},
   JOURNAL = {Proc. London Math. Soc. (3)},
  FJOURNAL = {Proceedings of the London Mathematical Society. Third Series},
    VOLUME = {85},
      YEAR = {2002},
    NUMBER = {3},
     PAGES = {565--633},
      ISSN = {0024-6115},
   MRCLASS = {11L15 (11D72 11M06 11M26 11M35 11Y35)},
  MRNUMBER = {1936814},
MRREVIEWER = {D. R. Heath-Brown},
       URL = {https://doi.org/10.1112/S0024611502013655},
}

@incollection {forti-viola,
    AUTHOR = {Forti, M. and Viola, C.},
     TITLE = {On large sieve type estimates for the {D}irichlet series
              operator},
 BOOKTITLE = {Analytic number theory ({P}roc. {S}ympos. {P}ure {M}ath.,
              {V}ol. {XXIV}, {S}t. {L}ouis {U}niv., {S}t. {L}ouis, {M}o.,
              1972)},
    SERIES = {Proc. Sympos. Pure Math.},
    VOLUME = {Vol. XXIV},
     PAGES = {31--49},
 PUBLISHER = {Amer. Math. Soc., Providence, RI},
      YEAR = {1973},
   MRCLASS = {10H30},
  MRNUMBER = {506095},
MRREVIEWER = {H.\ L.\ Montgomery},
}

@article {fk,
    AUTHOR = {Frantzikinakis, N. and Host, B.},
     TITLE = {Asymptotics for multilinear averages of multiplicative
              functions},
   JOURNAL = {Math. Proc. Cambridge Philos. Soc.},
  FJOURNAL = {Mathematical Proceedings of the Cambridge Philosophical
              Society},
    VOLUME = {161},
      YEAR = {2016},
    NUMBER = {1},
     PAGES = {87--101},
      ISSN = {0305-0041},
   MRCLASS = {11N37},
  MRNUMBER = {3505671},
MRREVIEWER = {Friedrich Littmann},
       DOI = {10.1017/S0305004116000116},
       URL = {https://doi.org/10.1017/S0305004116000116},
}

@article {FH-Fourier,
    AUTHOR = {Frantzikinakis, N. and Host, B.},
     TITLE = {Higher order {F}ourier analysis of multiplicative functions
              and applications},
   JOURNAL = {J. Amer. Math. Soc.},
  FJOURNAL = {Journal of the American Mathematical Society},
    VOLUME = {30},
      YEAR = {2017},
    NUMBER = {1},
     PAGES = {67--157},
      ISSN = {0894-0347},
   MRCLASS = {11N37 (05D10 11B30 11N60 37A45)},
  MRNUMBER = {3556289},
MRREVIEWER = {Vilius Stakenas},
       DOI = {10.1090/jams/857},
       URL = {https://ezproxy-prd.bodleian.ox.ac.uk:4563/10.1090/jams/857},
}

@article {fh-sarnak,
    AUTHOR = {Frantzikinakis, N. and Host, B.},
     TITLE = {The logarithmic {S}arnak conjecture for ergodic weights},
   JOURNAL = {Ann. of Math. (2)},
  FJOURNAL = {Annals of Mathematics. Second Series},
    VOLUME = {187},
      YEAR = {2018},
    NUMBER = {3},
     PAGES = {869--931},
      ISSN = {0003-486X},
   MRCLASS = {11N37 (37A45)},
  MRNUMBER = {3779960},
       DOI = {10.4007/annals.2018.187.3.6},
       URL = {https://doi.org/10.4007/annals.2018.187.3.6},
}

@incollection {furstenberg-weiss,
    AUTHOR = {Furstenberg, Hillel and Weiss, Benjamin},
     TITLE = {A mean ergodic theorem for
              {$(1/N)\sum^N_{n=1}f(T^nx)g(T^{n^2}x)$}},
 BOOKTITLE = {Convergence in ergodic theory and probability ({C}olumbus,
              {OH}, 1993)},
    SERIES = {Ohio State Univ. Math. Res. Inst. Publ.},
    VOLUME = {5},
     PAGES = {193--227},
 PUBLISHER = {de Gruyter, Berlin},
      YEAR = {1996},
   MRCLASS = {28D05},
  MRNUMBER = {1412607},
MRREVIEWER = {Idris Assani},
}

@article {gallagher_large_sieve,
    AUTHOR = {Gallagher, P. X.},
     TITLE = {A large sieve density estimate near {$\sigma =1$}},
   JOURNAL = {Invent. Math.},
  FJOURNAL = {Inventiones Mathematicae},
    VOLUME = {11},
      YEAR = {1970},
     PAGES = {329--339},
      ISSN = {0020-9910,1432-1297},
   MRCLASS = {10.41},
  MRNUMBER = {279049},
MRREVIEWER = {T.\ M.\ Apostol},
       DOI = {10.1007/BF01403187},
       URL = {https://doi.org/10.1007/BF01403187},
}

@article {graham_1978,
    AUTHOR = {Graham, S.},
     TITLE = {An asymptotic estimate related to {S}elberg's sieve},
   JOURNAL = {J. Number Theory},
  FJOURNAL = {Journal of Number Theory},
    VOLUME = {10},
      YEAR = {1978},
    NUMBER = {1},
     PAGES = {83--94},
      ISSN = {0022-314X,1096-1658},
   MRCLASS = {10H30},
  MRNUMBER = {484449},
MRREVIEWER = {H.-E.\ Richert},
       DOI = {10.1016/0022-314X(78)90010-0},
       URL = {https://doi.org/10.1016/0022-314X(78)90010-0},
}

@article{GHMR,
  AUTHOR = {Granville, A. and Harper, A. and Matom\"aki, K. and Radziwi{\l\l}, M.},
   TITLE = {Hal\'asz in short intervals},
  journal = {Under preparation.},
}

@article {GHS,
    AUTHOR = {Granville, A. and Harper, A. J. and Soundararajan, K.},
    TITLE = {A more intuitive proof of a sharp version of {H}al\'{a}sz's theorem},
    JOURNAL = {Proc. Amer. Math. Soc.},
    FJOURNAL = {Proceedings of the American Mathematical Society},
    VOLUME = {146},
    YEAR = {2018},
    NUMBER = {10},
    PAGES = {4099--4104},
    ISSN = {0002-9939},
    MRCLASS = {11N37 (11N56 11N64)},
    MRNUMBER = {3834641},
    DOI = {10.1090/proc/14095},
    URL = {https://doi.org/10.1090/proc/14095},
}

@article {GS,
    AUTHOR = {Granville, A. and Soundararajan, K.},
     TITLE = {Large character sums: pretentious characters and the
              {P}\'olya-{V}inogradov theorem},
   JOURNAL = {J. Amer. Math. Soc.},
  FJOURNAL = {Journal of the American Mathematical Society},
    VOLUME = {20},
      YEAR = {2007},
    NUMBER = {2},
     PAGES = {357--384},
      ISSN = {0894-0347},
   MRCLASS = {11L40},
  MRNUMBER = {2276774 (2007k:11128)},
MRREVIEWER = {S. W. Graham},
       DOI = {10.1090/S0894-0347-06-00536-4},
       URL = {http://dx.doi.org/10.1090/S0894-0347-06-00536-4},
}

@article {GreenTaoRes,
    AUTHOR = {Green, B. and Tao, T.},
    TITLE = {Restriction theory of the {S}elberg sieve, with applications},
    JOURNAL = {J. Th\'{e}or. Nombres Bordeaux},
    FJOURNAL = {Journal de Th\'{e}orie des Nombres de Bordeaux},
    VOLUME = {18},
    YEAR = {2006},
    NUMBER = {1},
    PAGES = {147--182},
    ISSN = {1246-7405},
    MRCLASS = {11N36 (11L07 11L20)},
    MRNUMBER = {2245880},
    MRREVIEWER = {Serge\u{\i} V. Konyagin},
    URL = {http://jtnb.cedram.org/item?id=JTNB_2006__18_1_147_0},
}

@article {gt-mobius2,
    AUTHOR = {Green, B. and Tao, T.},
     TITLE = {Quadratic uniformity of the {M}\"{o}bius function},
   JOURNAL = {Ann. Inst. Fourier (Grenoble)},
  FJOURNAL = {Universit\'{e} de Grenoble. Annales de l'Institut Fourier},
    VOLUME = {58},
      YEAR = {2008},
    NUMBER = {6},
     PAGES = {1863--1935},
      ISSN = {0373-0956},
   MRCLASS = {11B30 (11A25)},
  MRNUMBER = {2473624},
MRREVIEWER = {Tamar Ziegler},
       URL = {http://aif.cedram.org/item?id=AIF_2008__58_6_1863_0},
}

@article {green-tao,
    AUTHOR = {Green, B. and Tao, T.},
     TITLE = {Linear equations in primes},
   JOURNAL = {Ann. of Math. (2)},
  FJOURNAL = {Annals of Mathematics. Second Series},
    VOLUME = {171},
      YEAR = {2010},
    NUMBER = {3},
     PAGES = {1753--1850},
      ISSN = {0003-486X},
     CODEN = {ANMAAH},
   MRCLASS = {11N13 (11B30 11P32)},
  MRNUMBER = {2680398 (2011j:11177)},
MRREVIEWER = {Tamar Ziegler},
       DOI = {10.4007/annals.2010.171.1753},
       URL = {http://dx.doi.org/10.4007/annals.2010.171.1753},
}

@article {gt-mobius,
    AUTHOR = {Green, B. and Tao, T.},
     TITLE = {The {M}\"{o}bius function is strongly orthogonal to nilsequences},
   JOURNAL = {Ann. of Math. (2)},
  FJOURNAL = {Annals of Mathematics. Second Series},
    VOLUME = {175},
      YEAR = {2012},
    NUMBER = {2},
     PAGES = {541--566},
      ISSN = {0003-486X},
   MRCLASS = {37A45 (11A25)},
  MRNUMBER = {2877066},
MRREVIEWER = {Tamar Ziegler},
       DOI = {10.4007/annals.2012.175.2.3},
       URL = {https://doi.org/10.4007/annals.2012.175.2.3},
}

@article {gt-nil,
    AUTHOR = {Green, B. and Tao, T.},
     TITLE = {The quantitative behaviour of polynomial orbits on
              nilmanifolds},
   JOURNAL = {Ann. of Math. (2)},
  FJOURNAL = {Annals of Mathematics. Second Series},
    VOLUME = {175},
      YEAR = {2012},
    NUMBER = {2},
     PAGES = {465--540},
      ISSN = {0003-486X},
   MRCLASS = {37A15},
  MRNUMBER = {2877065},
MRREVIEWER = {Tamar Ziegler},
       DOI = {10.4007/annals.2012.175.2.2},
       URL = {https://doi.org/10.4007/annals.2012.175.2.2},
}

@article {green-tao-nilratner-erratum,
    AUTHOR = {Green, Ben and Tao, Terence},
     TITLE = {On the quantitative distribution of polynomial
              nilsequences---erratum [MR2877065]},
   JOURNAL = {Ann. of Math. (2)},
  FJOURNAL = {Annals of Mathematics. Second Series},
    VOLUME = {179},
      YEAR = {2014},
    NUMBER = {3},
     PAGES = {1175--1183},
      ISSN = {0003-486X},
   MRCLASS = {37A15},
  MRNUMBER = {3171762},
MRREVIEWER = {Volker Ziegler},
       DOI = {10.4007/annals.2014.179.3.8},
       URL = {https://doi.org/10.4007/annals.2014.179.3.8},
}

@article {green-tao-AP,
    AUTHOR = {Green, Ben and Tao, Terence},
     TITLE = {The primes contain arbitrarily long arithmetic progressions},
   JOURNAL = {Ann. of Math. (2)},
  FJOURNAL = {Annals of Mathematics. Second Series},
    VOLUME = {167},
      YEAR = {2008},
    NUMBER = {2},
     PAGES = {481--547},
      ISSN = {0003-486X},
   MRCLASS = {11N13 (11A41 11B25 37A45)},
  MRNUMBER = {2415379},
MRREVIEWER = {Tamar Ziegler},
       DOI = {10.4007/annals.2008.167.481},
       URL = {https://doi.org/10.4007/annals.2008.167.481},
}

@article {gtz,
    AUTHOR = {Green, B. and Tao, T. and Ziegler, T.},
     TITLE = {An inverse theorem for the {G}owers {$U^{s+1}[N]$}-norm},
   JOURNAL = {Ann. of Math. (2)},
  FJOURNAL = {Annals of Mathematics. Second Series},
    VOLUME = {176},
      YEAR = {2012},
    NUMBER = {2},
     PAGES = {1231--1372},
      ISSN = {0003-486X},
   MRCLASS = {11B30},
  MRNUMBER = {2950773},
MRREVIEWER = {Julia Wolf},
       DOI = {10.4007/annals.2012.176.2.11},
       URL = {https://doi.org/10.4007/annals.2012.176.2.11},
}

@article {gowers-4-aps,
    AUTHOR = {Gowers, W. T.},
    TITLE = {A new proof of {S}zemer\'edi's theorem for arithmetic progressions of length four},
    JOURNAL = {Geom. Funct. Anal.},
    FJOURNAL = {Geometric and Functional Analysis},
    VOLUME = {8},
    YEAR = {1998},
    NUMBER = {3},
    PAGES = {529--551},
    ISSN = {1016-443X},
    MRCLASS = {11B25 (11N13)},
    MRNUMBER = {1631259},
    MRREVIEWER = {D. R. Heath-Brown},
    DOI = {10.1007/s000390050065},
    URL = {https://doi.org/10.1007/s000390050065}
}

@article {gowers-long-aps,
    AUTHOR = {Gowers, W. T.},
     TITLE = {A new proof of {S}zemer\'{e}di's theorem},
   JOURNAL = {Geom. Funct. Anal.},
  FJOURNAL = {Geometric and Functional Analysis},
    VOLUME = {11},
      YEAR = {2001},
    NUMBER = {3},
     PAGES = {465--588},
      ISSN = {1016-443X},
   MRCLASS = {11B25 (11K38 11K45)},
  MRNUMBER = {1844079},
MRREVIEWER = {Hillel Furstenberg},
       DOI = {10.1007/s00039-001-0332-9},
       URL = {https://doi.org/10.1007/s00039-001-0332-9},
}

@misc{guth-maynard,
    Author = {Larry Guth and James Maynard},
    Title = {New large value estimates for Dirichlet polynomials},
    Year = {2024},
    Eprint = {arXiv:2405.20552},
}

@article{halasz_distribution_1969,
	title = {On the distribution of roots of {Riemann} zeta and allied functions, {I}},
	volume = {1},
	issn = {0022314X},
	doi = {10.1016/0022-314X(69)90031-6},
	number = {1},
	journal = {Journal of Number Theory},
	author = {Hal√°sz, G. and Tur√°n, P.},
	month = jan,
	year = {1969},
	pages = {121--137},
}

@article{halasz_1968,
  title = {On the average of multiplicative number-theoretic functions},
  author = {Hal√°sz, G.},
  journal = {Acta Math. Hungar.},
  volume = {19},
  year = {1968},
  pages = {365--404},
}

@book {hall,
    AUTHOR = {Hall, Brian},
     TITLE = {Lie groups, {L}ie algebras, and representations},
    SERIES = {Graduate Texts in Mathematics},
    VOLUME = {222},
   EDITION = {Second},
      NOTE = {An elementary introduction},
 PUBLISHER = {Springer, Cham},
      YEAR = {2015},
     PAGES = {xiv+449},
      ISBN = {978-3-319-13466-6; 978-3-319-13467-3},
   MRCLASS = {22-01 (17-01)},
  MRNUMBER = {3331229},
       DOI = {10.1007/978-3-319-13467-3},
       URL = {https://doi.org/10.1007/978-3-319-13467-3},
}

@article{haneke_verscharfung_1963,
    author = {Haneke, W.},
    journal = {Acta Arithmetica},
    keywords = {complex functions},
    language = {ger},
    number = {4},
    pages = {357-430},
    title = {Versch\"{a}rfung der Absch√§tzung von $\zeta(1/2+it)$},
    volume = {8},
    year = {1963},
}

@article {hardy_divisor_1916,
    AUTHOR = {Hardy, G. H.},
     TITLE = {On {D}irichlet's {D}ivisor {P}roblem},
   JOURNAL = {Proc. London Math. Soc. (2)},
  FJOURNAL = {Proceedings of the London Mathematical Society. Second Series},
    VOLUME = {15},
      YEAR = {1916},
     PAGES = {1--25},
      ISSN = {0024-6115},
   MRCLASS = {99-04},
  MRNUMBER = {1576550},
       DOI = {10.1112/plms/s2-15.1.1},
       URL = {https://doi.org/10.1112/plms/s2-15.1.1},
}

@article{hardy_contributions_1916,
	title = {Contributions to the theory of the Riemann zeta-function and the theory of the distribution of primes},
	volume = {41},
	number = {0},
	journal = {Acta Mathematica},
	author = {Hardy, G. H. and Littlewood, J. E.},
	year = {1916},
	pages = {119--196},
}

@article{hardy_average_1917,
	title = {The {Average} {Order} of the {Arithmetical} {Functions} $P(x)$ and $\Delta(x)$ },
	volume = {s2-15},
	issn = {00246115},
	doi = {10.1112/plms/s2-15.1.192},
	language = {en},
	number = {1},
	journal = {Proceedings of the London Mathematical Society},
	author = {Hardy, G. H.},
	year = {1917},
	pages = {192--213},
}

@article {hardy_littlewood_1923,
    AUTHOR = {Hardy, G. H. and Littlewood, J. E.},
     TITLE = {On Lindel\"of's hypothesis concerning the Riemann zeta-function},
   JOURNAL = {Proc. R. Soc. A},
      YEAR = {1923},
     PAGES = {403--412}
}


@article{hardy_littlewood_approximate_1923,
	title = {The {Approximate} {Functional} {Equation} in the {Theory} of the {Zeta}-{Function}, with {Applications} to the {Divisor}-{Problems} of {Dirichlet} and {Piltz}},
	volume = {s2-21},
	issn = {00246115},
	number = {1},
	journal = {Proceedings of the London Mathematical Society},
	author = {Hardy, G. H. and Littlewood, J. E.},
	year = {1923},
	pages = {39--74},
}

@article {HL,
    AUTHOR = {Hardy, G. H. and Littlewood, J. E.},
     TITLE = {Some problems of `{P}artitio numerorum'; {III}: {O}n the
              expression of a number as a sum of primes},
   JOURNAL = {Acta Math.},
  FJOURNAL = {Acta Mathematica},
    VOLUME = {44},
      YEAR = {1923},
    NUMBER = {1},
     PAGES = {1--70},
      ISSN = {0001-5962,1871-2509},
   MRCLASS = {99-04},
  MRNUMBER = {1555183},
       DOI = {10.1007/BF02403921},
       URL = {https://doi.org/10.1007/BF02403921},
}

@article {harman_1982,
    AUTHOR = {Harman, Glyn},
     TITLE = {Primes in short intervals},
   JOURNAL = {Math. Z.},
  FJOURNAL = {Mathematische Zeitschrift},
    VOLUME = {180},
      YEAR = {1982},
    NUMBER = {3},
     PAGES = {335--348},
      ISSN = {0025-5874,1432-1823},
   MRCLASS = {10H15 (10H32)},
  MRNUMBER = {664519},
MRREVIEWER = {Ernst\ Heppner},
       DOI = {10.1007/BF01214174},
       URL = {https://doi.org/10.1007/BF01214174},
}

@article {harman_1983,
    AUTHOR = {Harman, Glyn},
     TITLE = {On the distribution of {$\alpha p$}\ modulo one},
   JOURNAL = {J. London Math. Soc. (2)},
  FJOURNAL = {Journal of the London Mathematical Society. Second Series},
    VOLUME = {27},
      YEAR = {1983},
    NUMBER = {1},
     PAGES = {9--18},
      ISSN = {0024-6107,1469-7750},
   MRCLASS = {10F40 (10H32)},
  MRNUMBER = {686496},
MRREVIEWER = {Matti\ Jutila},
       DOI = {10.1112/jlms/s2-27.1.9},
       URL = {https://doi.org/10.1112/jlms/s2-27.1.9},
}

@book {harman-book,
    AUTHOR = {Harman, G.},
     TITLE = {Prime-detecting sieves},
    SERIES = {London Mathematical Society Monographs Series},
    VOLUME = {33},
 PUBLISHER = {Princeton University Press, Princeton, NJ},
      YEAR = {2007},
     PAGES = {xvi+362},
      ISBN = {978-0-691-12437-7},
   MRCLASS = {11N36 (11N25 11N35)},
  MRNUMBER = {2331072},
MRREVIEWER = {S. W. Graham},
}

@article {HeWang,
    AUTHOR = {He, X. and Wang, Z.},
     TITLE = {M\"{o}bius disjointness for nilsequences along short intervals},
   JOURNAL = {Trans. Amer. Math. Soc.},
  FJOURNAL = {Transactions of the American Mathematical Society},
    VOLUME = {374},
      YEAR = {2021},
    NUMBER = {6},
     PAGES = {3881--3917},
      ISSN = {0002-9947},
   MRCLASS = {37A44 (11A25)},
  MRNUMBER = {4251216},
MRREVIEWER = {Jonas Der\'{e}},
       DOI = {10.1090/tran/8176},
       URL = {https://doi.org/10.1090/tran/8176},
}

@article {heath_brown_consecutive_I,
    AUTHOR = {Heath-Brown, D. R.},
     TITLE = {The differences between consecutive primes},
   JOURNAL = {J. London Math. Soc. (2)},
  FJOURNAL = {Journal of the London Mathematical Society. Second Series},
    VOLUME = {18},
      YEAR = {1978},
    NUMBER = {1},
     PAGES = {7--13},
      ISSN = {0024-6107,1469-7750},
   MRCLASS = {10H15},
  MRNUMBER = {491554},
MRREVIEWER = {V.\ C.\ Harris},
       DOI = {10.1112/jlms/s2-18.1.7},
       URL = {https://doi.org/10.1112/jlms/s2-18.1.7},
}

@article {heath_brown_consecutive_II,
    AUTHOR = {Heath-Brown, D. R.},
     TITLE = {The differences between consecutive primes. {II}},
   JOURNAL = {J. London Math. Soc. (2)},
  FJOURNAL = {Journal of the London Mathematical Society. Second Series},
    VOLUME = {19},
      YEAR = {1979},
    NUMBER = {2},
     PAGES = {207--220},
      ISSN = {0024-6107,1469-7750},
   MRCLASS = {10H15},
  MRNUMBER = {533319},
MRREVIEWER = {V.\ C.\ Harris},
       DOI = {10.1112/jlms/s2-19.2.207},
       URL = {https://doi.org/10.1112/jlms/s2-19.2.207},
}

@article {heath_brown_consecutive_III,
    AUTHOR = {Heath-Brown, D. R.},
     TITLE = {The differences between consecutive primes. {III}},
   JOURNAL = {J. London Math. Soc. (2)},
  FJOURNAL = {Journal of the London Mathematical Society. Second Series},
    VOLUME = {20},
      YEAR = {1979},
    NUMBER = {2},
     PAGES = {177--178},
      ISSN = {0024-6107,1469-7750},
   MRCLASS = {10H15},
  MRNUMBER = {551442},
MRREVIEWER = {V.\ C.\ Harris},
       DOI = {10.1112/jlms/s2-20.2.177},
       URL = {https://doi.org/10.1112/jlms/s2-20.2.177},
}

@article{heathbrown_twelfth_1978,
	title = {The twelfth power moment of the Riemann-function},
	volume = {29},
	issn = {0033-5606, 1464-3847},
	doi = {10.1093/qmath/29.4.443},
	number = {4},
	journal = {The Quarterly Journal of Mathematics},
	author = {Heath-Brown, D. R.},
	year = {1978},
	pages = {443--462},
}

@article{heathbrown_zero_1979,
	title = {Zero {Density} {Estimates} for the {Riemann} {Zeta}-{Function} and {Dirichlet} \textit{{L}} -{Functions}},
	volume = {s2-19},
	copyright = {http://doi.wiley.com/10.1002/tdm\_license\_1},
	issn = {00246107},
	doi = {10.1112/jlms/s2-19.2.221},
	number = {2},
	journal = {Journal of the London Mathematical Society},
	author = {Heath-Brown, D. R.},
	month = apr,
	year = {1979},
	pages = {221--232},
}

@article{heathbrown_large_1979,
	title = {A {Large} {Values} {Estimate} for {Dirichlet} {Polynomials}},
	volume = {s2-20},
	copyright = {http://doi.wiley.com/10.1002/tdm\_license\_1},
	issn = {00246107},
	doi = {10.1112/jlms/s2-20.1.8},
	number = {1},
	journal = {Journal of the London Mathematical Society},
	author = {Heath-Brown, D. R.},
	month = aug,
	year = {1979},
	pages = {8--18},
}

@inproceedings {heathbrown_sieve_1984,
    AUTHOR = {Heath-Brown, D. R.},
     TITLE = {Finding primes by sieve methods},
 BOOKTITLE = {Proceedings of the {I}nternational {C}ongress of
              {M}athematicians, {V}ol.\ 1, 2 ({W}arsaw, 1983)},
     PAGES = {487--492},
 PUBLISHER = {PWN, Warsaw},
      YEAR = {1984},
      ISBN = {83-01-05523-5},
   MRCLASS = {11N05 (11N35)},
  MRNUMBER = {804704},
MRREVIEWER = {G.\ Greaves},
}

@article {heathbrown_iwaniec_1979,
    AUTHOR = {Heath-Brown, D. R. and Iwaniec, H.},
     TITLE = {On the difference between consecutive primes},
   JOURNAL = {Invent. Math.},
  FJOURNAL = {Inventiones Mathematicae},
    VOLUME = {55},
      YEAR = {1979},
    NUMBER = {1},
     PAGES = {49--69},
      ISSN = {0020-9910,1432-1297},
   MRCLASS = {10H15},
  MRNUMBER = {553995},
MRREVIEWER = {S.\ Ikehara},
       DOI = {10.1007/BF02139702},
       URL = {https://doi.org/10.1007/BF02139702},
}

@inproceedings{heathbrown_mean_1981,
	title = {Mean values of the zeta-function and divisor problems},
	volume = {1},
	booktitle = {Recent {Progress} in {Analytic} {Number} {Theory}},
	publisher = {Academic, London},
	year = {1981},
	pages = {115--119},
        author = {Heath-Brown, D. R.},
        address = {Durham 1979},
}

@article {HB-ternary,
    AUTHOR = {Heath-Brown, D. R.},
     TITLE = {The ternary {G}oldbach problem},
   JOURNAL = {Rev. Mat. Iberoamericana},
  FJOURNAL = {Revista Matem\'{a}tica Iberoamericana},
    VOLUME = {1},
      YEAR = {1985},
    NUMBER = {1},
     PAGES = {45--59},
      ISSN = {0213-2230},
   MRCLASS = {11P32},
  MRNUMBER = {834356},
MRREVIEWER = {R. J. Cook},
       DOI = {10.4171/RMI/2},
       URL = {https://doi.org/10.4171/RMI/2},
}

@article {Heath-Brown,
    AUTHOR = {Heath-Brown, D. R.},
    TITLE = {The number of primes in a short interval},
    JOURNAL = {J. Reine Angew. Math.},
    FJOURNAL = {Journal f\"{u}r die Reine und Angewandte Mathematik. [Crelle's Journal]},
    VOLUME = {389},
    YEAR = {1988},
    PAGES = {22--63},
    ISSN = {0075-4102},
    MRCLASS = {11N05 (11N35)},
    MRNUMBER = {953665},
    MRREVIEWER = {R. C. Vaughan},
    DOI = {10.1515/crll.1988.389.22},
    URL = {https://doi.org/10.1515/crll.1988.389.22}
}

@article {heath_brown_least_prime,
    AUTHOR = {Heath-Brown, D. R.},
     TITLE = {Zero-free regions for {D}irichlet {$L$}-functions, and the
              least prime in an arithmetic progression},
   JOURNAL = {Proc. London Math. Soc. (3)},
  FJOURNAL = {Proceedings of the London Mathematical Society. Third Series},
    VOLUME = {64},
      YEAR = {1992},
    NUMBER = {2},
     PAGES = {265--338},
      ISSN = {0024-6115,1460-244X},
   MRCLASS = {11N13 (11M26)},
  MRNUMBER = {1143227},
MRREVIEWER = {Andrew\ Granville},
       DOI = {10.1112/plms/s3-64.2.265},
       URL = {https://doi.org/10.1112/plms/s3-64.2.265},
}

@article{heathbrown_new_2017,
	title = {A new $k$th derivative estimate for exponential sums via {Vinogradov}'s mean value},
	volume = {296},
	number = {1},
	journal = {Proceedings of the Steklov Institute of Mathematics},
	author = {Heath-Brown, D. R.},
	month = jan,
	year = {2017},
	pages = {88--103},
}

@article{heath-brown_differences_2021,
	title = {The {Differences} {Between} {Consecutive} {Primes}, {V}},
	volume = {2021},
	doi = {10.1093/imrn/rnz295},
	number = {22},
	journal = {International Mathematics Research Notices},
	author = {Heath-Brown, Roger},
	month = nov,
	year = {2021},
	pages = {17514--17562},
}

@article {heilbronn_1933,
    AUTHOR = {Heilbronn, Hans},
     TITLE = {\"Uber den {P}rimzahlsatz von {H}errn {H}oheisel},
   JOURNAL = {Math. Z.},
  FJOURNAL = {Mathematische Zeitschrift},
    VOLUME = {36},
      YEAR = {1933},
    NUMBER = {1},
     PAGES = {394--423},
      ISSN = {0025-5874,1432-1823},
   MRCLASS = {99-04},
  MRNUMBER = {1545353},
       DOI = {10.1007/BF01188631},
       URL = {https://doi.org/10.1007/BF01188631},
}

@article {Henriot,
    AUTHOR = {Henriot, K.},
    TITLE = {Nair-{T}enenbaum bounds uniform with respect to the discriminant},
    JOURNAL = {Math. Proc. Cambridge Philos. Soc.},
    FJOURNAL = {Mathematical Proceedings of the Cambridge Philosophical Society},
    VOLUME = {152},
    YEAR = {2012},
    NUMBER = {3},
    PAGES = {405--424},
    ISSN = {0305-0041},
    MRCLASS = {11A25 (11N37 11N56)},
    MRNUMBER = {2911138},
    MRREVIEWER = {Olivier Bordell\`es},
    DOI = {10.1017/S0305004111000752},
    URL = {https://doi.org/10.1017/S0305004111000752}
}

@article {hilbert-cube,
    AUTHOR = {Hilbert, D.},
     TITLE = {Ueber die {I}rreducibilit\"{a}t ganzer rationaler {F}unctionen mit
              ganzzahligen {C}oefficienten},
   JOURNAL = {J. Reine Angew. Math.},
  FJOURNAL = {Journal f\"{u}r die Reine und Angewandte Mathematik. [Crelle's
              Journal]},
    VOLUME = {110},
      YEAR = {1892},
     PAGES = {104--129},
      ISSN = {0075-4102},
   MRCLASS = {DML},
  MRNUMBER = {1580277},
       DOI = {10.1515/crll.1892.110.104},
       URL = {https://doi.org/10.1515/crll.1892.110.104},
}

@book {hilgert,
    AUTHOR = {Hilgert, Joachim and Neeb, Karl-Hermann},
     TITLE = {Structure and geometry of {L}ie groups},
    SERIES = {Springer Monographs in Mathematics},
 PUBLISHER = {Springer, New York},
      YEAR = {2012},
     PAGES = {x+744},
      ISBN = {978-0-387-84793-1; 978-0-387-84794-8},
   MRCLASS = {22-02 (22-01)},
  MRNUMBER = {3025417},
MRREVIEWER = {K. Strambach},
       DOI = {10.1007/978-0-387-84794-8},
       URL = {https://doi.org/10.1007/978-0-387-84794-8},
}


@article {hoheisel_1930,
    AUTHOR = {Hoheisel, G.},
     TITLE = {Primzahlprobleme in der Analysis},
   JOURNAL = {Siz. Preuss. Akad. Wiss.},
    VOLUME = {33},
      YEAR = {1930},
     PAGES = {580--588}
}

@article {huang-mobius,
    AUTHOR = {Huang, Bingrong},
     TITLE = {Strong orthogonality between the {M}\"{o}bius function and
              nonlinear exponential functions in short intervals},
   JOURNAL = {Int. Math. Res. Not. IMRN},
  FJOURNAL = {International Mathematics Research Notices. IMRN},
      YEAR = {2015},
    NUMBER = {23},
     PAGES = {12713--12736},
      ISSN = {1073-7928},
   MRCLASS = {11N36 (11L07)},
  MRNUMBER = {3431634},
MRREVIEWER = {Ben Joseph Green},
       DOI = {10.1093/imrn/rnv091},
       URL = {https://doi.org/10.1093/imrn/rnv091},
}

@article {huang-primes,
    AUTHOR = {Huang, Bingrong},
     TITLE = {Exponential sums over primes in short intervals and an
              application to the {W}aring-{G}oldbach problem},
   JOURNAL = {Mathematika},
  FJOURNAL = {Mathematika. A Journal of Pure and Applied Mathematics},
    VOLUME = {62},
      YEAR = {2016},
    NUMBER = {2},
     PAGES = {508--523},
      ISSN = {0025-5793},
   MRCLASS = {11L20 (11P32)},
  MRNUMBER = {3521339},
MRREVIEWER = {Guangshi L\"{u}},
       DOI = {10.1112/S0025579315000352},
       URL = {https://doi.org/10.1112/S0025579315000352},
}

@article {Huxley,
    AUTHOR = {Huxley, M. N.},
    TITLE = {On the difference between consecutive primes},
    JOURNAL = {Invent. Math.},
    FJOURNAL = {Inventiones Mathematicae},
    VOLUME = {15},
    YEAR = {1972},
    PAGES = {164--170},
    ISSN = {0020-9910},
    MRCLASS = {10H15},
    MRNUMBER = {0292774},
    MRREVIEWER = {H. L. Montgomery},
    DOI = {10.1007/BF01418933},
    URL = {https://doi.org/10.1007/BF01418933}
}

@article{huxley_large_1973,
	title = {Large values of {Dirichlet} polynomials},
	volume = {24},
	issn = {0065-1036, 1730-6264},
	doi = {10.4064/aa-24-4-329-346},
	number = {4},
	journal = {Acta Arithmetica},
	author = {Huxley, Martin},
	year = {1973},
	pages = {329--346},
}

@article{huxley_large_1975a,
	title = {Large values of {Dirichlet} polynomials {II}},
	volume = {27},
	issn = {0065-1036, 1730-6264},
	doi = {10.4064/aa-27-1-159-170},
	journal = {Acta Arithmetica},
	author = {Huxley, Martin},
	year = {1975},
	pages = {159--170},
}

@article{huxley_large_1975b,
	title = {Large values of {Dirichlet} polynomials, {III}},
	volume = {26},
	issn = {0065-1036, 1730-6264},
	doi = {10.4064/aa-26-4-435-444},
	number = {4},
	journal = {Acta Arithmetica},
	author = {Huxley, Martin},
	year = {1975},
	pages = {435--444},
}

@article {huxley_large_1980,
    AUTHOR = {Huxley, M. N.},
     TITLE = {A note on large gaps between prime numbers},
   JOURNAL = {Acta Arith.},
  FJOURNAL = {Polska Akademia Nauk. Instytut Matematyczny. Acta Arithmetica},
    VOLUME = {38},
      YEAR = {1980/81},
    NUMBER = {1},
     PAGES = {63--68},
      ISSN = {0065-1036},
   MRCLASS = {10H15},
  MRNUMBER = {574125},
MRREVIEWER = {Aleksandar\ Ivi\'c},
       DOI = {10.4064/aa-38-1-63-68},
       URL = {https://doi.org/10.4064/aa-38-1-63-68},
}

@article{huxley_exponential_1988,
	title = {Exponential {Sums} and the {Riemann} {Zeta} {Function}},
	volume = {s3-57},
	number = {1},
	urldate = {2024-03-15},
	journal = {Proceedings of the London Mathematical Society},
	author = {Huxley, M. N. and Watt, N.},
	month = jul,
	year = {1988},
	pages = {1--24},
}

@incollection {huxley_watt_exponential_1990,
    AUTHOR = {Huxley, M. N. and Watt, N.},
     TITLE = {The {H}ardy-{L}ittlewood method for exponential sums},
 BOOKTITLE = {Number theory, {V}ol. {I} ({B}udapest, 1987)},
    SERIES = {Colloq. Math. Soc. J\'anos Bolyai},
    VOLUME = {51},
     PAGES = {173--191},
 PUBLISHER = {North-Holland, Amsterdam},
      YEAR = {1990},
      ISBN = {0-444-70346-2},
   MRCLASS = {11L07 (11M06 11P55)},
  MRNUMBER = {1058215},
MRREVIEWER = {S.\ W.\ Graham},
}

@article{huxley_exponential_1991,
	title = {Exponential {Sums} and the {Riemann} {Zeta} {Function} {III}},
	volume = {s3-62},
	number = {3},
	journal = {Proceedings of the London Mathematical Society},
	author = {Huxley, M. N. and Kolesnik, G.},
	month = may,
	year = {1991},
	pages = {449--468},
}

@article{huxley_exponential_1993_1,
	title = {Exponential {Sums} and the {Riemann} {Zeta} {Function} {III}},
	volume = {s3-66},
	copyright = {http://doi.wiley.com/10.1002/tdm\_license\_1},
	issn = {00246115},
	doi = {10.1112/plms/s3-66.2.302-s},
	number = {2},
	journal = {Proceedings of the London Mathematical Society},
	author = {Huxley, M. N. and Kolesnik, G.},
	month = mar,
	year = {1993},
	pages = {302--302},
}

@article{huxley_exponential_1993,
	title = {Exponential {Sums} and the {Riemann} {Zeta} {Function} {IV}},
	volume = {s3-66},
	number = {1},
	journal = {Proceedings of the London Mathematical Society},
	author = {Huxley, M. N.},
	month = jan,
	year = {1993},
	pages = {1--40},
}

@book{huxley_area_1996,
	address = {Oxford; New York},
	series = {Oxford Science Publications},
	title = {Area, Lattice Points, and Exponential Sums},
	isbn = {9780198534662},
	number = {New Ser., 13},
	publisher = {Clarendon Press; Oxford University Press},
	author = {Huxley, M. N.},
	year = {1996}
}

@incollection{huxley_exponential_2001,
	address = {Berlin, Boston},
	title = {Exponential sums with a large second derivative},
	booktitle = {Number {Theory}},
	publisher = {De Gruyter},
	author = {Huxley, Martin N. and Kolesnik, Grigori},
	editor = {Jutila, Matti and Mets√§nkyl√§, Tauno},
	month = jan,
	year = {2001},
        pages = {131--144}
}

@article{huxley_exponential_2003,
	title = {Exponential {Sums} and {Lattice} {Points} {III}},
	volume = {87},
	issn = {0024-6115, 1460-244X},
	doi = {10.1112/S0024611503014485},
	language = {en},
	number = {03},
	journal = {Proceedings of the London Mathematical Society},
	author = {Huxley, M. N.},
	month = nov,
	year = {2003},
	pages = {591--609},
}

@article {huxley-divisor,
    AUTHOR = {Huxley, M. N.},
     TITLE = {Exponential sums and lattice points. {III}},
   JOURNAL = {Proc. London Math. Soc. (3)},
  FJOURNAL = {Proceedings of the London Mathematical Society. Third Series},
    VOLUME = {87},
      YEAR = {2003},
    NUMBER = {3},
     PAGES = {591--609},
      ISSN = {0024-6115},
   MRCLASS = {11L07 (11P21)},
  MRNUMBER = {2005876},
MRREVIEWER = {Angel V. Kumchev},
       DOI = {10.1112/S0024611503014485},
       URL = {https://doi.org/10.1112/S0024611503014485},
}
@article{huxley_exponential_2005,
	title = {Exponential sums and the {Riemann} zeta function V},
	volume = {90},
	number = {01},
	urldate = {2023-04-04},
	journal = {Proceedings of the London Mathematical Society},
	author = {Huxley, M. N.},
	month = jan,
	year = {2005},
	pages = {1--41},
}

@article{ingham_difference_1937,
	title = {{On} the difference between consecutive primes},
	volume = {os-8},
	issn = {0033-5606, 1464-3847},
	doi = {10.1093/qmath/os-8.1.255},
	number = {1},
	journal = {The Quarterly Journal of Mathematics},
	author = {Ingham, A. E.},
	year = {1937},
	pages = {255--266},
}
@article{ingham_estimation_1940,
	title = {{On} the estimation of ${N}(\sigma, T)$},
	volume = {os-11},
	issn = {0033-5606, 1464-3847},
	doi = {10.1093/qmath/os-11.1.201},
	number = {1},
	journal = {The Quarterly Journal of Mathematics},
	author = {Ingham, A. E.},
	year = {1940},
	pages = {201--202},
}

@article{ivic_note_1979,
	title = {A note on the zero-density estimates for the zeta function},
	volume = {33},
	copyright = {http://www.springer.com/tdm},
	issn = {0003-889X, 1420-8938},
	doi = {10.1007/BF01222740},
	number = {1},
	journal = {Archiv der Mathematik},
	author = {Iviƒá, Aleksandar},
	month = dec,
	year = {1979},
	pages = {155--164},
}

@book{ingham_distribution_1990,
	address = {Cambridge ; New York},
	series = {Cambridge mathematical library},
	title = {The distribution of prime numbers},
	isbn = {9780521397896},
	number = {no. 30},
	publisher = {Cambridge University Press},
	author = {Ingham, A. E.},
	year = {1990},
	keywords = {Numbers, Prime, Functions, Zeta},
}

@article {ivic_sums_1979,
    AUTHOR = {Ivi\'c, Aleksandar},
     TITLE = {On sums of large differences between consecutive primes},
   JOURNAL = {Math. Ann.},
  FJOURNAL = {Mathematische Annalen},
    VOLUME = {241},
      YEAR = {1979},
    NUMBER = {1},
     PAGES = {1--9},
      ISSN = {0025-5831,1432-1807},
   MRCLASS = {10H15},
  MRNUMBER = {531146},
MRREVIEWER = {D.\ R.\ Heath-Brown},
       DOI = {10.1007/BF01406704},
       URL = {https://doi.org/10.1007/BF01406704},
}

@article {ivic_exponent_pairs,
    AUTHOR = {Ivi\'c, Aleksandar},
     TITLE = {Exponent pairs and the zeta function of {R}iemann},
   JOURNAL = {Studia Sci. Math. Hungar.},
  FJOURNAL = {Studia Scientiarum Mathematicarum Hungarica. Combinatorics,
              Geometry and Topology (CoGeTo)},
    VOLUME = {15},
      YEAR = {1980},
    NUMBER = {1-3},
     PAGES = {157--181},
      ISSN = {0081-6906,1588-2896},
   MRCLASS = {10H05 (10H25)},
  MRNUMBER = {681438},
MRREVIEWER = {S.\ L.\ Segal},
}

@article{ivic_ouellet_1989,
	title = {Some new estimates in the Dirichlet divisor problem},
	volume = {52},
	number = {3},
	journal = {Acta Arithmetica},
	author = {Ivic, Aleksandar and Ouellet, Michel},
	month =  {},
	year = {1989},
	pages = {241--253},
}

@incollection {ivic-divisor,
    AUTHOR = {Ivi\'{c}, A.},
     TITLE = {The general additive divisor problem and moments of the
              zeta-function},
 BOOKTITLE = {New trends in probability and statistics, {V}ol. 4 ({P}alanga,
              1996)},
     PAGES = {69--89},
 PUBLISHER = {VSP, Utrecht},
      YEAR = {1997},
   MRCLASS = {11N56 (11M06)},
  MRNUMBER = {1653602},
MRREVIEWER = {Gunter Dufner},
}

@book {ivic,
    AUTHOR = {Ivi\'{c}, Aleksandar},
     TITLE = {The {R}iemann zeta-function},
      NOTE = {Theory and applications,
              Reprint of the 1985 original [Wiley, New York;  MR0792089
              (87d:11062)]},
 PUBLISHER = {Dover Publications, Inc., Mineola, NY},
      YEAR = {2003},
     PAGES = {xxii+517},
      ISBN = {0-486-42813-3},
   MRCLASS = {11M06 (11M26)},
  MRNUMBER = {1994094},
}

@book{ivic_topics_1983,
	  title={Topics in Recent Zeta Function Theory},
	  author={Ivi{\'c}, A.},
	  series={Publications math{\'e}matiques d'Orsay},
	  year={1983},
	  publisher={Universit{\'e} de Paris-Sud, D{\'e}partement de Math{\'e}matique}
}

@Article{ivic_zero_1984,
	 Author = {Ivi{\'c}, A.},
	 Title = {A zero-density theorem for the {Riemann} zeta-function},
	 FJournal = {Trudy Matematicheskogo Instituta Imeni V. A. Steklova},
	 Journal = {Tr. Mat. Inst. Steklova},
	 ISSN = {0371-9685},
	 Volume = {163},
	 Pages = {85--89},
	 Year = {1984},
	 Language = {English}
}

@book {ik,
    AUTHOR = {Iwaniec, H. and Kowalski, E.},
     TITLE = {Analytic number theory},
    SERIES = {American Mathematical Society Colloquium Publications},
    VOLUME = {53},
 PUBLISHER = {American Mathematical Society, Providence, RI},
      YEAR = {2004},
     PAGES = {xii+615},
      ISBN = {0-8218-3633-1},
   MRCLASS = {11-02 (11Fxx 11Lxx 11Mxx 11Nxx)},
  MRNUMBER = {2061214},
MRREVIEWER = {K. Soundararajan},
       DOI = {10.1090/coll/053},
       URL = {https://doi.org/10.1090/coll/053},
}

@article {iwaniec-jutila,
    AUTHOR = {Iwaniec, Henryk and Jutila, Matti},
     TITLE = {Primes in short intervals},
   JOURNAL = {Ark. Mat.},
  FJOURNAL = {Arkiv f\"or Matematik},
    VOLUME = {17},
      YEAR = {1979},
    NUMBER = {1},
     PAGES = {167--176},
      ISSN = {0004-2080,1871-2487},
   MRCLASS = {10H15 (10H32)},
  MRNUMBER = {543511},
MRREVIEWER = {V.\ C.\ Harris},
       DOI = {10.1007/BF02385465},
       URL = {https://doi.org/10.1007/BF02385465},
}

@article{iwaniec_divisor_1988,
	title = {On the divisor and circle problems},
	volume = {29},
	issn = {0022314X},
	doi = {10.1016/0022-314X(88)90093-5},
	number = {1},
	journal = {Journal of Number Theory},
	author = {Iwaniec, H and Mozzochi, C.J},
	month = may,
	year = {1988},
	pages = {60--93},
}

@article {iwaniec-pintz,
    AUTHOR = {Iwaniec, Henryk and Pintz, J\'anos},
     TITLE = {Primes in short intervals},
   JOURNAL = {Monatsh. Math.},
  FJOURNAL = {Monatshefte f\"ur Mathematik},
    VOLUME = {98},
      YEAR = {1984},
    NUMBER = {2},
     PAGES = {115--143},
      ISSN = {0026-9255,1436-5081},
   MRCLASS = {11N05},
  MRNUMBER = {776350},
MRREVIEWER = {Antal\ Balog},
       DOI = {10.1007/BF01637280},
       URL = {https://doi.org/10.1007/BF01637280},
}

@misc{jarviniemi_large_2022,
      title={On large differences between consecutive primes}, 
      author={Olli J\"{a}rviniemi},
      year={2022},
      eprint={2212.10965},
      archivePrefix={arXiv},
      primaryClass={math.NT},
      url={https://arxiv.org/abs/2212.10965}, 
}

@article {jia_goldbach_1994,
    AUTHOR = {Jia, Chao Hua},
     TITLE = {Goldbach numbers in short interval. {I}},
   JOURNAL = {Sci. China Ser. A},
  FJOURNAL = {Science in China (Scientia Sinica). Series A. Mathematics,
              Physics, Astronomy},
    VOLUME = {38},
      YEAR = {1995},
    NUMBER = {4},
     PAGES = {385--406},
      ISSN = {1001-6511},
   MRCLASS = {11P32},
  MRNUMBER = {1350242},
MRREVIEWER = {G.\ Greaves},
}

@article {jia_almost_all,
    AUTHOR = {Jia, Chaohua},
     TITLE = {Almost all short intervals containing prime numbers},
   JOURNAL = {Acta Arith.},
  FJOURNAL = {Acta Arithmetica},
    VOLUME = {76},
      YEAR = {1996},
    NUMBER = {1},
     PAGES = {21--84},
      ISSN = {0065-1036,1730-6264},
   MRCLASS = {11N05 (11N36)},
  MRNUMBER = {1390568},
MRREVIEWER = {D.\ R.\ Heath-Brown},
       DOI = {10.4064/aa-76-1-21-84},
       URL = {https://doi.org/10.4064/aa-76-1-21-84},
}

@article {jia_difference_1995,
    AUTHOR = {Jia, Chaohua},
     TITLE = {Difference between consecutive primes},
   JOURNAL = {Sci. China Ser. A},
  FJOURNAL = {Science in China (Scientia Sinica). Series A. Mathematics,
              Physics, Astronomy},
    VOLUME = {38},
      YEAR = {1995},
    NUMBER = {10},
     PAGES = {1163--1186},
      ISSN = {1001-6511},
   MRCLASS = {11N05 (11N36 11P32)},
  MRNUMBER = {1373392},
MRREVIEWER = {Nigel\ Watt},
}

@article {jia_exceptional_1996,
    AUTHOR = {Jia, Chao Hua},
     TITLE = {On the exceptional set of {G}oldbach numbers in a short
              interval},
   JOURNAL = {Acta Arith.},
  FJOURNAL = {Acta Arithmetica},
    VOLUME = {77},
      YEAR = {1996},
    NUMBER = {3},
     PAGES = {207--287},
      ISSN = {0065-1036,1730-6264},
   MRCLASS = {11P32 (11N36 11P55)},
  MRNUMBER = {1410337},
MRREVIEWER = {A.\ Perelli},
       DOI = {10.4064/aa-77-3-207-287},
       URL = {https://doi.org/10.4064/aa-77-3-207-287},
}

@article{jutila,
    AUTHOR = {Jutila, M.},
     TITLE = {On the divisor problem for short intervals},
      NOTE = {Studies in honour of Arto Kustaa Salomaa on the occasion of
              his fiftieth birthday},
   JOURNAL = {Ann. Univ. Turku. Ser. A I},
  FJOURNAL = {Annales Universitatis Turkuensis. Series A. I.
              Astronomica-Chemica-Physica-Mathematica},
    NUMBER = {186},
      YEAR = {1984},
     PAGES = {23--30},
      ISSN = {0082-7002},
   MRCLASS = {11N37},
  MRNUMBER = {748516},
MRREVIEWER = {Don Redmond},
}

@incollection {jutila-critical,
    AUTHOR = {Jutila, M.},
     TITLE = {Zeros of the zeta-function near the critical line},
 BOOKTITLE = {Studies in pure mathematics},
     PAGES = {385--394},
 PUBLISHER = {Birkh\"auser, Basel},
      YEAR = {1983},
      ISBN = {3-7643-1288-2},
   MRCLASS = {11M26},
  MRNUMBER = {820237},
MRREVIEWER = {J\"urgen\ G.\ Hinz},
}

@article {jutila_linnik,
    AUTHOR = {Jutila, Matti},
     TITLE = {On {L}innik's constant},
   JOURNAL = {Math. Scand.},
  FJOURNAL = {Mathematica Scandinavica},
    VOLUME = {41},
      YEAR = {1977},
    NUMBER = {1},
     PAGES = {45--62},
      ISSN = {0025-5521,1903-1807},
   MRCLASS = {10H20 (10H10)},
  MRNUMBER = {476671},
MRREVIEWER = {W.\ Schwarz},
       DOI = {10.7146/math.scand.a-11701},
       URL = {https://doi.org/10.7146/math.scand.a-11701},
}

@article{jutila_zero_density_1977,
	title = {Zero-density estimates for {L}-functions},
	volume = {32},
	issn = {0065-1036, 1730-6264},
	doi = {10.4064/aa-32-1-55-62},
	number = {1},
	journal = {Acta Arithmetica},
	author = {Jutila, Matti},
	year = {1977},
	pages = {55--62},
}

@inbook{jutila_zeroes_1983,
	author = {Jutila, M.},
	editor = {Erd\"os, Paul and Alp\'{a}r, L\'{a}szl\'{o} and Hal\'{a}sz, G\'{a}bor	and S\'{a}rk\"{o}zy, Andr\'{a}s},
	title = {Zeros of the zeta-function near the critical line},
	bookTitle = {Studies in Pure Mathematics: To the Memory of Paul Tur\'{a}n},
	year = {1983},
	publisher = {Birkh\"{a}user Basel},
	address = {Basel},
	pages = {385--394},
	isbn = {978-3-0348-5438-2},
	doi = {10.1007/978-3-0348-5438-2_33},
}


@article {kawada,
    AUTHOR = {Kawada, K.},
     TITLE = {The prime {$k$}-tuplets in arithmetic progressions},
   JOURNAL = {Tsukuba J. Math.},
  FJOURNAL = {Tsukuba Journal of Mathematics},
    VOLUME = {17},
      YEAR = {1993},
    NUMBER = {1},
     PAGES = {43--57},
      ISSN = {0387-4982},
   MRCLASS = {11N13 (11N32 11P55)},
  MRNUMBER = {1233111 (94i:11068)},
MRREVIEWER = {Antal Balog},
}

@article {kawada2,
    AUTHOR = {Kawada, K.},
     TITLE = {A {M}ontgomery-{H}ooley type theorem for prime {$k$}-tuplets},
   JOURNAL = {Acta Math. Hungar.},
  FJOURNAL = {Acta Mathematica Hungarica},
    VOLUME = {66},
      YEAR = {1995},
    NUMBER = {3},
     PAGES = {177--200},
      ISSN = {0236-5294},
   MRCLASS = {11N13},
  MRNUMBER = {1314000 (96h:11096)},
       DOI = {10.1007/BF01874284},
       URL = {http://dx.doi.org/10.1007/BF01874284},
}

@misc{kerr,
Author = {Bryce Kerr},
Title = {Large values of Dirichlet polynomials and zero density estimates for the Riemann zeta function},
Year = {2019},
Eprint = {arXiv:1909.12075},
}

@article {kkl,
    AUTHOR = {Ki, Haseo and Kim, Young-One and Lee, Jungseob},
     TITLE = {On the de {B}ruijn-{N}ewman constant},
   JOURNAL = {Adv. Math.},
  FJOURNAL = {Advances in Mathematics},
    VOLUME = {222},
      YEAR = {2009},
    NUMBER = {1},
     PAGES = {281--306},
      ISSN = {0001-8708,1090-2082},
   MRCLASS = {30D10 (11M26)},
  MRNUMBER = {2531375},
MRREVIEWER = {Mehdi\ Hassani},
       DOI = {10.1016/j.aim.2009.04.003},
       URL = {https://doi.org/10.1016/j.aim.2009.04.003},
}

@article {Klurman,
    AUTHOR = {Klurman, O.},
    TITLE = {Correlations of multiplicative functions and applications},
    JOURNAL = {Compos. Math.},
    FJOURNAL = {Compositio Mathematica},
    VOLUME = {153},
    YEAR = {2017},
    NUMBER = {8},
    PAGES = {1622--1657},
    ISSN = {0010-437X},
    MRCLASS = {11L40 (11P32)},
    MRNUMBER = {3705270},
    MRREVIEWER = {Manoj Verma},
    DOI = {10.1112/S0010437X17007163},
    URL = {https://doi.org/10.1112/S0010437X17007163},
}

@article{kolesnik_improvement_1969,
	title = {The improvement of the remainder term in the divisor problem},
	volume = {6},
	language = {ru},
	journal = {Mat. Zametki},
	author = {Kolesnik, G. A.},
	year = {1969},
	pages = {545--554},
}

@article {kolesnik_1973,
    AUTHOR = {Kolesnik, G. A.},
     TITLE = {An estimate for certain trigonometric sums},
   JOURNAL = {Acta Arith.},
  FJOURNAL = {Polska Akademia Nauk. Instytut Matematyczny. Acta Arithmetica},
    VOLUME = {25},
      YEAR = {1973/74},
     PAGES = {7--30. (errata insert)},
      ISSN = {0065-1036},
   MRCLASS = {10G05 (10H05 10H15)},
  MRNUMBER = {332676},
MRREVIEWER = {A.\ I.\ Vinogradov},
}

@incollection {kolesnik,
    AUTHOR = {Kolesnik, G.},
     TITLE = {On the estimation of multiple exponential sums},
 BOOKTITLE = {Recent progress in analytic number theory, {V}ol. 1 ({D}urham,
              1979)},
     PAGES = {231--246},
 PUBLISHER = {Academic Press, London-New York},
      YEAR = {1981},
   MRCLASS = {10G10 (42B99)},
  MRNUMBER = {637349},
MRREVIEWER = {H. G. Meijer},
}

@article{kolesnik_order_1982,
    author = {G. Kolesnik},
    title = {{On the order of $\zeta (\frac{1}{2}+it)$ and $\Delta (R)$.}},
    volume = {98},
    journal = {Pacific Journal of Mathematics},
    number = {1},
    publisher = {Pacific Journal of Mathematics, A Non-profit Corporation},
    pages = {107--122},
    year = {1982},
}

@article {kolesnik_1985,
    AUTHOR = {Kolesnik, G.},
     TITLE = {On the method of exponent pairs},
   JOURNAL = {Acta Arith.},
  FJOURNAL = {Polska Akademia Nauk. Instytut Matematyczny. Acta Arithmetica},
    VOLUME = {45},
      YEAR = {1985},
    NUMBER = {2},
     PAGES = {115--143},
      ISSN = {0065-1036},
   MRCLASS = {11L40 (11L03)},
  MRNUMBER = {797257},
MRREVIEWER = {D.\ R.\ Heath-Brown},
       DOI = {10.4064/aa-45-2-115-143},
       URL = {https://doi.org/10.4064/aa-45-2-115-143},
}

@article {kou,
    AUTHOR = {Koukoulopoulos, D.},
     TITLE = {Pretentious multiplicative functions and the prime number
              theorem for arithmetic progressions},
   JOURNAL = {Compos. Math.},
  FJOURNAL = {Compositio Mathematica},
    VOLUME = {149},
      YEAR = {2013},
    NUMBER = {7},
     PAGES = {1129--1149},
      ISSN = {0010-437X},
   MRCLASS = {11N13 (11M06 11M20 11N05)},
  MRNUMBER = {3078641},
MRREVIEWER = {Ayyadurai Sankaranarayanan},
       DOI = {10.1112/S0010437X12000802},
       URL = {https://doi.org/10.1112/S0010437X12000802},
}

@article {lambek_moser,
    AUTHOR = {Lambek, J. and Moser, L.},
     TITLE = {On the distribution of {P}ythagorean triangles},
   JOURNAL = {Pacific J. Math.},
  FJOURNAL = {Pacific Journal of Mathematics},
    VOLUME = {5},
      YEAR = {1955},
     PAGES = {73--83},
      ISSN = {0030-8730,1945-5844},
   MRCLASS = {10.0X},
  MRNUMBER = {67911},
MRREVIEWER = {D.\ H.\ Lehmer},
       URL = {http://projecteuclid.org/euclid.pjm/1103044610},
}

@article{landau_uber_1912,
    author = {Landau, Edmund},
    journal = {Nachrichten von der Gesellschaft der Wissenschaften zu G√∂ttingen, Mathematisch-Physikalische Klasse},
    pages = {687-770},
    title = {\"Uber die Anzahl der Gitterpunkte in geweissen Bereichen},
    volume = {1912},
    year = {1912},
}

@article{Lelechenko_linear_2014,
    author = {Andrew V. Lelechenko},
    title = {Linear programming over exponent pairs},
    journal = {Acta Universitatis Sapientiae, Informatica},
    number = {2},
    volume = {5},
    year = {2014},
    pages = {271--287}
}

@article {li_goldbach_1995,
    AUTHOR = {Li, Hong Ze},
     TITLE = {Goldbach numbers in short intervals},
   JOURNAL = {Sci. China Ser. A},
  FJOURNAL = {Science in China (Scientia Sinica). Series A. Mathematics,
              Physics, Astronomy},
    VOLUME = {38},
      YEAR = {1995},
    NUMBER = {6},
     PAGES = {641--652},
      ISSN = {1001-6511},
   MRCLASS = {11P32 (11N36)},
  MRNUMBER = {1351230},
MRREVIEWER = {A.\ Perelli},
}

@article {li_short_1997,
    AUTHOR = {Li, Hongze},
     TITLE = {Primes in short intervals},
   JOURNAL = {Math. Proc. Cambridge Philos. Soc.},
  FJOURNAL = {Mathematical Proceedings of the Cambridge Philosophical
              Society},
    VOLUME = {122},
      YEAR = {1997},
    NUMBER = {2},
     PAGES = {193--205},
      ISSN = {0305-0041,1469-8064},
   MRCLASS = {11N05 (11N36)},
  MRNUMBER = {1458226},
MRREVIEWER = {Nigel\ Watt},
       DOI = {10.1017/S0305004196001193},
       URL = {https://doi.org/10.1017/S0305004196001193},
}

@misc{li_number_2025,
      title={The number of primes in short intervals and numerical calculations for Harman's sieve}, 
      author={Runbo Li},
      year={2025},
      eprint={2308.04458},
      archivePrefix={arXiv},
      primaryClass={math.NT},
      url={https://arxiv.org/abs/2308.04458}, 
}

@misc{li_primes_almost_2024,
    Author = {Runbo Li},
    Title = {Primes in almost all short intervals},
    Year = {2024},
    Eprint = {arXiv:2407.05651},
}

@misc{li_yang_gauss_2024,
      title={An improvement on Gauss's Circle Problem and Dirichlet's Divisor Problem},
      author={Xiaochun Li and Xuerui Yang},
      year={2023},
      eprint={2308.14859},
      archivePrefix={arXiv},
      primaryClass={math.NT},
      url={https://arxiv.org/abs/2308.14859},
}

@article {lichtman-teravainen,
    AUTHOR = {Lichtman, J. D. and Ter\"{a}v\"{a}inen, J.},
     TITLE = {On the {H}ardy-{L}ittlewood-{C}howla conjecture on average},
   JOURNAL = {Forum Math. Sigma},
  FJOURNAL = {Forum of Mathematics. Sigma},
    VOLUME = {10},
      YEAR = {2022},
     PAGES = {Paper No. e57, 17},
   MRCLASS = {11P32 (11L20 11N37)},
  MRNUMBER = {4458542},
MRREVIEWER = {Olivier Bordell\`es},
       DOI = {10.1017/fms.2022.54},
       URL = {https://doi.org/10.1017/fms.2022.54},
}

@article {linnik-1,
    AUTHOR = {Linnik, U. V.},
     TITLE = {On the least prime in an arithmetic progression. {I}. {T}he
              basic theorem},
   JOURNAL = {Rec. Math. [Mat. Sbornik] N.S.},
  FJOURNAL = {Rec. Math. [Mat. Sbornik] N.S.},
    VOLUME = {15/57},
      YEAR = {1944},
     PAGES = {139--178},
   MRCLASS = {10.0X},
  MRNUMBER = {12111},
MRREVIEWER = {H.\ Davenport},
}

@article {linnik-2,
    AUTHOR = {Linnik, U. V.},
     TITLE = {On the least prime in an arithmetic progression. {II}. {T}he
              {D}euring-{H}eilbronn phenomenon},
   JOURNAL = {Rec. Math. [Mat. Sbornik] N.S.},
  FJOURNAL = {Rec. Math. [Mat. Sbornik] N.S.},
    VOLUME = {15/57},
      YEAR = {1944},
     PAGES = {347--368},
   MRCLASS = {10.0X},
  MRNUMBER = {12112},
MRREVIEWER = {H.\ Davenport},
}

@article{littlewood_lattice_1924,
     ISSN = {09501207},
     author = {J. E. Littlewood and A. Walfisz and E. Landau},
     journal = {Proceedings of the Royal Society of London. Series A, Containing Papers of a Mathematical and Physical Character},
     number = {739},
     pages = {478--488},
     publisher = {The Royal Society},
     title = {The Lattice Points of a Circle},
     urldate = {2025-02-20},
     volume = {106},
     year = {1924}
}


@article {liu-zhan,
    AUTHOR = {Zhan, T. and Liu, J.-Y.},
     TITLE = {Exponential sums involving the {M}\"{o}bius function},
   JOURNAL = {Indag. Math. (N.S.)},
  FJOURNAL = {Koninklijke Nederlandse Akademie van Wetenschappen.
              Indagationes Mathematicae. New Series},
    VOLUME = {7},
      YEAR = {1996},
    NUMBER = {2},
     PAGES = {271--278},
      ISSN = {0019-3577},
   MRCLASS = {11L07},
  MRNUMBER = {1621332},
MRREVIEWER = {S. W. Graham},
       DOI = {10.1016/0019-3577(96)85095-6},
       URL = {https://doi.org/10.1016/0019-3577(96)85095-6},
}

@article {liu-zhan-1,
    AUTHOR = {Liu, Jianya and Zhan, Tao},
     TITLE = {Estimation of exponential sums over primes in short intervals.
              {I}},
   JOURNAL = {Monatsh. Math.},
  FJOURNAL = {Monatshefte f\"{u}r Mathematik},
    VOLUME = {127},
      YEAR = {1999},
    NUMBER = {1},
     PAGES = {27--41},
      ISSN = {0026-9255},
   MRCLASS = {11L07 (11P32)},
  MRNUMBER = {1666315},
MRREVIEWER = {Jie Wu},
       DOI = {10.1007/s006050050020},
       URL = {https://doi.org/10.1007/s006050050020},
}

@article {liu-zhan-primes,
    AUTHOR = {Liu, Jianya and Zhan, Tao},
     TITLE = {Estimation of exponential sums over primes in short intervals.
              {I}},
   JOURNAL = {Monatsh. Math.},
  FJOURNAL = {Monatshefte f\"{u}r Mathematik},
    VOLUME = {127},
      YEAR = {1999},
    NUMBER = {1},
     PAGES = {27--41},
      ISSN = {0026-9255},
   MRCLASS = {11L07 (11P32)},
  MRNUMBER = {1666315},
MRREVIEWER = {Jie Wu},
       DOI = {10.1007/s006050050020},
       URL = {https://doi.org/10.1007/s006050050020},
}

@incollection {liu-zhan-primes-2,
    AUTHOR = {Liu, Jianya and Zhan, Tao},
     TITLE = {Estimation of exponential sums over primes in short intervals.
              {II}},
 BOOKTITLE = {Analytic number theory, {V}ol. 2 ({A}llerton {P}ark, {IL},
              1995)},
    SERIES = {Progr. Math.},
    VOLUME = {139},
     PAGES = {571--606},
 PUBLISHER = {Birkh\"{a}user Boston, Boston, MA},
      YEAR = {1996},
   MRCLASS = {11L20 (11L07 11P32)},
  MRNUMBER = {1409380},
MRREVIEWER = {D. R. Heath-Brown},
}

@article {llz,
    AUTHOR = {Liu, Jianya and L\"{u}, Guangshi and Zhan, Tao},
     TITLE = {Exponential sums over primes in short intervals},
   JOURNAL = {Sci. China Ser. A},
  FJOURNAL = {Science in China. Series A. Mathematics},
    VOLUME = {49},
      YEAR = {2006},
    NUMBER = {5},
     PAGES = {611--619},
      ISSN = {1006-9283},
   MRCLASS = {11L20 (11P32)},
  MRNUMBER = {2250891},
MRREVIEWER = {Radhakrishnan Nair},
       DOI = {10.1007/s11425-006-0611-x},
       URL = {https://doi.org/10.1007/s11425-006-0611-x},
}

@article {lou_yao_1985,
    author = {Lou, Shi Tuo and Yao, Qi},
    title = {On the upper bound of difference between consecutive primes},
    journal = {Kexue Tongbao},
    volume = {30},
    number = {8},
    pages = {1127--1128},
    year = {1985},
}

@article {lou-yao-chebychev,
    AUTHOR = {Lou, Shi Tuo and Yao, Qi},
     TITLE = {A {C}hebychev's type of prime number theorem in a short
              interval. {II}},
   JOURNAL = {Hardy-Ramanujan J.},
  FJOURNAL = {Hardy-Ramanujan Journal},
    VOLUME = {15},
      YEAR = {1992},
     PAGES = {1--33},
      ISSN = {2804-7370},
   MRCLASS = {11N05 (11N36)},
  MRNUMBER = {1215589},
MRREVIEWER = {D.\ R.\ Heath-Brown},
}

@article{lou_yao_number_1993,
	title = {The number of primes in a short interval.},
	volume = {16},
	doi = {10.46298/hrj.1993.127},
	language = {en},
	urldate = {2025-02-09},
	journal = {Hardy-Ramanujan Journal},
	author = {Shituo Lou and Qi Yao},
	month = jan,
	year = {1993},
	pages = {127},
}

@article {maier-primes,
    AUTHOR = {Maier, Helmut},
     TITLE = {Primes in short intervals},
   JOURNAL = {Michigan Math. J.},
  FJOURNAL = {Michigan Mathematical Journal},
    VOLUME = {32},
      YEAR = {1985},
    NUMBER = {2},
     PAGES = {221--225},
      ISSN = {0026-2285,1945-2365},
   MRCLASS = {11N05 (11N13)},
  MRNUMBER = {783576},
MRREVIEWER = {M.\ J.\ Narlikar},
       DOI = {10.1307/mmj/1029003189},
       URL = {https://doi.org/10.1307/mmj/1029003189},
}
@article {mangerel,
    author = {{Mangerel}, A.P.},
    title = "{Divisor-bounded multiplicative functions in short intervals}",
    journal = {Res. Math. Sci.},
    volume={10},
    year = {2023},
    number= {12},
}

@article {matthiesen-linear,
    AUTHOR = {Matthiesen, L.},
     TITLE = {Linear correlations of multiplicative functions},
   JOURNAL = {Proc. Lond. Math. Soc. (3)},
  FJOURNAL = {Proceedings of the London Mathematical Society. Third Series},
    VOLUME = {121},
      YEAR = {2020},
    NUMBER = {2},
     PAGES = {372--425},
      ISSN = {0024-6115},
   MRCLASS = {11N37 (11B30 11D04 11F30)},
  MRNUMBER = {4093960},
MRREVIEWER = {Olivier Bordell\`es},
       DOI = {10.1112/plms.12309},
       URL = {https://ezproxy-prd.bodleian.ox.ac.uk:2102/10.1112/plms.12309},
}

@article {MatoTera,
       author = {{Matom{\"a}ki}, K. and {Ter{\"a}v{\"a}inen}, J.},
        title = "{On the M{\"o}bius function in all short intervals}",
      journal = {arXiv e-prints},
     keywords = {Mathematics - Number Theory, 11N37},
         year = "2019",
        month = "Nov",
          eid = {arXiv:1911.09076},
        pages = {arXiv:1911.09076},
archivePrefix = {arXiv},
       eprint = {1911.09076},
 primaryClass = {math.NT},
       adsurl = {https://ui.adsabs.harvard.edu/abs/2019arXiv191109076M},
      adsnote = {Provided by the SAO/NASA Astrophysics Data System}
}

@article{matomaki_large_2007,
	title = {Large differences between consecutive primes},
	volume = {58},
	doi = {10.1093/qmath/ham021},
	number = {4},
	journal = {The Quarterly Journal of Mathematics},
	author = {Matom\"{a}ki, K.},
	month = aug,
	year = {2007},
	pages = {489--518},
}

@misc{matomaki_teravainen_2024,
    Author = {Kaisa Matom\"aki and Joni Ter\"av\"ainen},
    Title = {A note on zero density results implying large value estimates for Dirichlet polynomials},
    Year = {2024},
    Eprint = {arXiv:2403.13157},
}

@misc{maynard_difference_2012,
      title={On the difference between consecutive primes}, 
      author={J. Maynard},
      year={2012},
      eprint={1201.1787},
      archivePrefix={arXiv},
      primaryClass={math.NT},
      url={https://arxiv.org/abs/1201.1787}, 
}

@article {MRT,
    AUTHOR = {Matom\"aki, K. and Radziwi{\l\l} , M. and Tao, T.},
     TITLE = {An averaged form of {C}howla's conjecture},
   JOURNAL = {Algebra Number Theory},
  FJOURNAL = {Algebra \& Number Theory},
    VOLUME = {9},
      YEAR = {2015},
    NUMBER = {9},
     PAGES = {2167--2196},
      ISSN = {1937-0652},
   MRCLASS = {11P32},
  MRNUMBER = {3435814},
MRREVIEWER = {Martin Mereb},
       DOI = {10.2140/ant.2015.9.2167},
       URL = {https://doi.org/10.2140/ant.2015.9.2167},
}

@ARTICLE{mr-p,
       author = {{Matom{\"a}ki}, K. and {Radziwi{\l}{\l}}, M.},
        title = "{A note on the Liouville function in short intervals}",
      journal = {arXiv e-prints},
     keywords = {Mathematics - Number Theory},
         year = "2015",
        month = "Feb",
          eid = {arXiv:1502.02374},
        pages = {arXiv:1502.02374},
archivePrefix = {arXiv},
       eprint = {1502.02374},
 primaryClass = {math.NT},
       adsurl = {https://ui.adsabs.harvard.edu/abs/2015arXiv150202374M},
      adsnote = {Provided by the SAO/NASA Astrophysics Data System}
}

@article {mrt-correlationsI,
    AUTHOR = {Matom\"{a}ki, K. and Radziwi{\l}{\l}, M. and Tao, T.},
     TITLE = {Correlations of the von {M}angoldt and higher divisor
              functions {I}. {L}ong shift ranges},
   JOURNAL = {Proc. Lond. Math. Soc. (3)},
  FJOURNAL = {Proceedings of the London Mathematical Society. Third Series},
    VOLUME = {118},
      YEAR = {2019},
    NUMBER = {2},
     PAGES = {284--350},
      ISSN = {0024-6115},
   MRCLASS = {11N37 (11A25)},
  MRNUMBER = {3909235},
MRREVIEWER = {Olivier Bordell\`es},
       DOI = {10.1112/plms.12181},
       URL = {https://doi.org/10.1112/plms.12181},
}

@article {matomaki-shao,
    AUTHOR = {Matom\"{a}ki, K. and Shao, X.},
     TITLE = {Discorrelation between primes in short intervals and
              polynomial phases},
   JOURNAL = {Int. Math. Res. Not. IMRN},
  FJOURNAL = {International Mathematics Research Notices. IMRN},
      YEAR = {2021},
    NUMBER = {16},
     PAGES = {12330--12355},
      ISSN = {1073-7928},
   MRCLASS = {11L20 (11N05)},
  MRNUMBER = {4300228},
MRREVIEWER = {Bingrong Huang},
       DOI = {10.1093/imrn/rnz188},
       URL = {https://doi.org/10.1093/imrn/rnz188},
}

@article {mr-annals,
    AUTHOR = {Matom\"aki, K. and Radziwi{\l\l} , M.},
     TITLE = {Multiplicative functions in short intervals},
   JOURNAL = {Ann. of Math. (2)},
  FJOURNAL = {Annals of Mathematics. Second Series},
    VOLUME = {183},
      YEAR = {2016},
    NUMBER = {3},
     PAGES = {1015--1056},
      ISSN = {0003-486X},
   MRCLASS = {11K65 (11N64)},
  MRNUMBER = {3488742},
MRREVIEWER = {Eugenijus Manstavi\v cius},
       DOI = {10.4007/annals.2016.183.3.6},
       URL = {https://doi.org/10.4007/annals.2016.183.3.6},
}

@ARTICLE{MR-II,
       author = {{Matom{\"a}ki}, K. and {Radziwi{\l}{\l}}, M.},
        title = "{Multiplicative functions in short intervals II}",
      journal = {arXiv e-prints},
     keywords = {Mathematics - Number Theory},
         year = 2020,
        month = jul,
          eid = {arXiv:2007.04290},
        pages = {arXiv:2007.04290},
archivePrefix = {arXiv},
       eprint = {2007.04290},
 primaryClass = {math.NT},
       adsurl = {https://ui.adsabs.harvard.edu/abs/2020arXiv200704290M},
      adsnote = {Provided by the SAO/NASA Astrophysics Data System}
}

@article {mrt-correlations-II,
    AUTHOR = {Matom\"{a}ki, K. and Radziwi{\l}{\l} , M. and Tao, T.},
     TITLE = {Correlations of the von {M}angoldt and higher divisor
              functions {II}: divisor correlations in short ranges},
   JOURNAL = {Math. Ann.},
  FJOURNAL = {Mathematische Annalen},
    VOLUME = {374},
      YEAR = {2019},
    NUMBER = {1-2},
     PAGES = {793--840},
      ISSN = {0025-5831},
   MRCLASS = {11N37 (05A16 11A25)},
  MRNUMBER = {3961326},
MRREVIEWER = {Olivier Bordell\`es},
       DOI = {10.1007/s00208-018-01801-4},
       URL = {https://doi.org/10.1007/s00208-018-01801-4},
}

@article {mrt-fourier,
    AUTHOR = {Matom\"{a}ki, K. and Radziwi{\l}{\l} , M. and Tao, T.},
     TITLE = {Fourier uniformity of bounded multiplicative functions in
              short intervals on average},
   JOURNAL = {Invent. Math.},
  FJOURNAL = {Inventiones Mathematicae},
    VOLUME = {220},
      YEAR = {2020},
    NUMBER = {1},
     PAGES = {1--58},
      ISSN = {0020-9910},
   MRCLASS = {11K60 (11N64 42A63)},
  MRNUMBER = {4071407},
MRREVIEWER = {Olivier Bordell\`es},
       DOI = {10.1007/s00222-019-00926-w},
       URL = {https://doi.org/10.1007/s00222-019-00926-w},
}

@ARTICLE{MSTT-all,
       author = {{Matom{\"a}ki}, K. and {Shao}, X. and {Tao}, T. and {Ter{\"a}v{\"a}inen}, J.},
        title = "{Higher uniformity of arithmetic functions in short intervals I. All intervals}",
      journal = {arXiv e-prints},
     keywords = {Mathematics - Number Theory},
         year = 2022,
        month = apr,
          eid = {arXiv:2204.03754},
        pages = {arXiv:2204.03754},
archivePrefix = {arXiv},
       eprint = {2204.03754},
 primaryClass = {math.NT},
       adsurl = {https://ui.adsabs.harvard.edu/abs/2022arXiv220403754M},
      adsnote = {Provided by the SAO/NASA Astrophysics Data System}
}

@article {MRTTZ,
    AUTHOR = {Matom\"{a}ki, K. and Radziwi{\l}{\l} , M. and Tao, T. and
              Ter\"{a}v\"{a}inen, J. and Ziegler, T.},
     TITLE = {Higher uniformity of bounded multiplicative functions in short
              intervals on average},
   JOURNAL = {Ann. of Math. (2)},
  FJOURNAL = {Annals of Mathematics. Second Series},
    VOLUME = {197},
      YEAR = {2023},
    NUMBER = {2},
     PAGES = {739--857},
      ISSN = {0003-486X},
   MRCLASS = {11N37 (11B30 37A44)},
  MRNUMBER = {4543441},
       DOI = {10.4007/annals.2023.197.2.3},
       URL = {https://doi.org/10.4007/annals.2023.197.2.3},
}

@article{mcnamara,
       author = {{McNamara}, R.},
        title = "{Sarnak's Conjecture for Sequences of Almost Quadratic Word Growth}",
      journal = {arXiv e-prints},
     keywords = {Mathematics - Dynamical Systems, Mathematics - Number Theory, Mathematics - Probability},
         year = "2019",
        month = "Jan",
          eid = {arXiv:1901.06460},
        pages = {arXiv:1901.06460},
archivePrefix = {arXiv},
       eprint = {1901.06460},
 primaryClass = {math.DS},
       adsurl = {https://ui.adsabs.harvard.edu/abs/2019arXiv190106460M},
      adsnote = {Provided by the SAO/NASA Astrophysics Data System}
}

@article {menzer,
    AUTHOR = {Menzer, Hartmut},
     TITLE = {On the number of primitive {P}ythagorean triangles},
   JOURNAL = {Math. Nachr.},
  FJOURNAL = {Mathematische Nachrichten},
    VOLUME = {128},
      YEAR = {1986},
     PAGES = {129--133},
      ISSN = {0025-584X,1522-2616},
   MRCLASS = {11D09 (05A15 11P21)},
  MRNUMBER = {855949},
MRREVIEWER = {Friedrich\ Roesler},
       DOI = {10.1002/mana.19861280111},
       URL = {https://doi.org/10.1002/mana.19861280111},
}

@incollection {Meurman,
    AUTHOR = {Meurman, T.},
     TITLE = {On the binary additive divisor problem},
 BOOKTITLE = {Number theory ({T}urku, 1999)},
     PAGES = {223--246},
 PUBLISHER = {de Gruyter, Berlin},
      YEAR = {2001},
      ISBN = {3-11-016481-7},
   MRCLASS = {11N37 (11L05)},
  MRNUMBER = {1822012},
MRREVIEWER = {Alessandro\ Zaccagnini},
}

@article {mikawa,
    AUTHOR = {Mikawa, H.},
     TITLE = {On prime twins in arithmetic progressions},
   JOURNAL = {Tsukuba J. Math.},
  FJOURNAL = {Tsukuba Journal of Mathematics},
    VOLUME = {16},
      YEAR = {1992},
    NUMBER = {2},
     PAGES = {377--387},
      ISSN = {0387-4982},
   MRCLASS = {11N13},
  MRNUMBER = {1200434 (94e:11101)},
MRREVIEWER = {Daniel A. Goldston},
}

@article {mtb,
    AUTHOR = {Milinovich, Micah B. and Turnage-Butterbaugh, Caroline L.},
     TITLE = {Moments of products of automorphic {$L$}-functions},
   JOURNAL = {J. Number Theory},
  FJOURNAL = {Journal of Number Theory},
    VOLUME = {139},
      YEAR = {2014},
     PAGES = {175--204},
      ISSN = {0022-314X},
   MRCLASS = {11M06 (11M41)},
  MRNUMBER = {3173191},
MRREVIEWER = {Jack Buttcane},
       DOI = {10.1016/j.jnt.2013.12.012},
       URL = {https://doi.org/10.1016/j.jnt.2013.12.012},
}

@article{min_on_1949,
     author = {Szu-Hoa Min},
     journal = {Transactions of the American Mathematical Society},
     number = {3},
     pages = {448--472},
     publisher = {American Mathematical Society},
     title = {On the Order of $\zeta(1/2+it)$},
     volume = {65},
     year = {1949}
}

@article {motohashi,
    AUTHOR = {Motohashi, Yoichi},
     TITLE = {On the sum of the {M}\"{o}bius function in a short segment},
   JOURNAL = {Proc. Japan Acad.},
  FJOURNAL = {Proceedings of the Japan Academy},
    VOLUME = {52},
      YEAR = {1976},
    NUMBER = {9},
     PAGES = {477--479},
      ISSN = {0021-4280},
   MRCLASS = {10H25},
  MRNUMBER = {424726},
MRREVIEWER = {Larry J. Goldstein},
       URL = {http://projecteuclid.org/euclid.pja/1195518209},
}

@article {montgomery_1969,
    AUTHOR = {Montgomery, H. L.},
     TITLE = {Zeros of {$L$}-functions},
   JOURNAL = {Invent. Math.},
  FJOURNAL = {Inventiones Mathematicae},
    VOLUME = {8},
      YEAR = {1969},
     PAGES = {346--354},
      ISSN = {0020-9910,1432-1297},
   MRCLASS = {10.41},
  MRNUMBER = {249375},
MRREVIEWER = {K.\ Thanigasalam},
       DOI = {10.1007/BF01404638},
       URL = {https://doi.org/10.1007/BF01404638},
}

@book {montgomery_topics_1971,
    AUTHOR = {Montgomery, Hugh L.},
     TITLE = {Topics in multiplicative number theory},
    SERIES = {Lecture Notes in Mathematics},
    VOLUME = {Vol. 227},
 PUBLISHER = {Springer-Verlag, Berlin-New York},
      YEAR = {1971},
     PAGES = {ix+178},
   MRCLASS = {10H30},
  MRNUMBER = {337847},
MRREVIEWER = {H.-E.\ Richert},
}

@article {Montgomery1,
    AUTHOR = {Montgomery, H. L.},
    TITLE = {The analytic principle of the large sieve},
    JOURNAL = {Bull. Amer. Math. Soc.},
    FJOURNAL = {Bulletin of the American Mathematical Society},
    VOLUME = {84},
    YEAR = {1978},
    NUMBER = {4},
    PAGES = {547--567},
    ISSN = {0002-9904},
    MRCLASS = {10H30},
    MRNUMBER = {0466048},
    MRREVIEWER = {Dieter Leitmann},
    DOI = {10.1090/S0002-9904-1978-14497-8},
    URL = {https://doi.org/10.1090/S0002-9904-1978-14497-8},
}

@article {Montgomery2,
    AUTHOR = {Montgomery, H. L.},
    TITLE = {Maximal variants of the large sieve},
    JOURNAL = {J. Fac. Sci. Univ. Tokyo Sect. IA Math.},
    FJOURNAL = {Journal of the Faculty of Science. University of Tokyo. Section IA. Mathematics},
    VOLUME = {28},
    YEAR = {1981},
    NUMBER = {3},
    PAGES = {805--812 (1982)},
    ISSN = {0040-8980},
    MRCLASS = {10H32},
    MRNUMBER = {656055},
    MRREVIEWER = {D. R. Heath-Brown},
}

@book {Montgomery,
    AUTHOR = {Montgomery, H. L.},
    TITLE = {Ten lectures on the interface between analytic number theory and harmonic analysis},
    SERIES = {CBMS Regional Conference Series in Mathematics},
    VOLUME = {84},
    PUBLISHER = {Published for the Conference Board of the Mathematical Sciences, Washington, DC; by the American Mathematical Society, Providence, RI},
    YEAR = {1994},
    PAGES = {xiv+220},
    ISBN = {0-8218-0737-4},
    MRCLASS = {11-02 (11Kxx 11L07 11Mxx 11Nxx)},
    MRNUMBER = {1297543},
    MRREVIEWER = {John B. Friedlander},
    DOI = {10.1090/cbms/084},
    URL = {https://doi.org/10.1090/cbms/084},
}

@book {mv,
    AUTHOR = {Montgomery, Hugh L. and Vaughan, Robert C.},
     TITLE = {Multiplicative number theory. {I}. {C}lassical theory},
    SERIES = {Cambridge Studies in Advanced Mathematics},
    VOLUME = {97},
 PUBLISHER = {Cambridge University Press, Cambridge},
      YEAR = {2007},
     PAGES = {xviii+552},
      ISBN = {978-0-521-84903-6; 0-521-84903-9},
   MRCLASS = {11-02 (11-01 11M06 11M26 11M45 11N05 11N37)},
  MRNUMBER = {2378655},
MRREVIEWER = {Wolfgang Schwarz},
}

@article {mozzochi-consecutive,
    AUTHOR = {Mozzochi, C. J.},
     TITLE = {On the difference between consecutive primes},
   JOURNAL = {J. Number Theory},
  FJOURNAL = {Journal of Number Theory},
    VOLUME = {24},
      YEAR = {1986},
    NUMBER = {2},
     PAGES = {181--187},
      ISSN = {0022-314X,1096-1658},
   MRCLASS = {11N05 (11F72)},
  MRNUMBER = {863653},
MRREVIEWER = {Armel\ Mercier},
       DOI = {10.1016/0022-314X(86)90101-0},
       URL = {https://doi.org/10.1016/0022-314X(86)90101-0},
}

@article {newman,
    AUTHOR = {Newman, Charles M.},
     TITLE = {Fourier transforms with only real zeros},
   JOURNAL = {Proc. Amer. Math. Soc.},
  FJOURNAL = {Proceedings of the American Mathematical Society},
    VOLUME = {61},
      YEAR = {1976},
    NUMBER = {2},
     PAGES = {245--251 (1977)},
      ISSN = {0002-9939,1088-6826},
   MRCLASS = {10H05 (42A68)},
  MRNUMBER = {434982},
MRREVIEWER = {T.\ M.\ Apostol},
       DOI = {10.2307/2041319},
       URL = {https://doi.org/10.2307/2041319},
}

@article {newman-wu-survey,
    AUTHOR = {Newman, Charles M. and Wu, Wei},
     TITLE = {Constants of de {B}ruijn--{N}ewman type in analytic number
              theory and statistical physics},
   JOURNAL = {Bull. Amer. Math. Soc. (N.S.)},
  FJOURNAL = {American Mathematical Society. Bulletin. New Series},
    VOLUME = {57},
      YEAR = {2020},
    NUMBER = {4},
     PAGES = {595--614},
      ISSN = {0273-0979,1088-9485},
   MRCLASS = {11M26 (30C15 30D10 42A38 60B10 60K35)},
  MRNUMBER = {4146729},
MRREVIEWER = {Timothy\ S.\ Trudgian},
       DOI = {10.1090/bull/1668},
       URL = {https://doi.org/10.1090/bull/1668},
}

@article{nieland_zum_1928,
	title = {Zum {Kreisproblem}},
	volume = {98},
	issn = {1432-1807},
	doi = {10.1007/BF01451620},
	language = {de},
	number = {1},
	journal = {Mathematische Annalen},
	author = {Nieland, L. W.},
	month = mar,
	year = {1928},
	pages = {717--736},
}

@article {ng-thom,
    AUTHOR = {Ng, Nathan and Thom, Mark},
     TITLE = {Bounds and conjectures for additive divisor sums},
   JOURNAL = {Funct. Approx. Comment. Math.},
  FJOURNAL = {Uniwersytet im. Adama Mickiewicza w Poznaniu. Wydzia\l
              Matematyki i Informatyki. Functiones et Approximatio
              Commentarii Mathematici},
    VOLUME = {60},
      YEAR = {2019},
    NUMBER = {1},
     PAGES = {97--142},
      ISSN = {0208-6573},
   MRCLASS = {11M41 (11N37 11N56 11S40)},
  MRNUMBER = {3932607},
MRREVIEWER = {A. Perelli},
       DOI = {10.7169/facm/1735},
       URL = {https://doi.org/10.7169/facm/1735},
}

@incollection {nrv,
    AUTHOR = {Norfolk, T. S. and Ruttan, A. and Varga, R. S.},
     TITLE = {A lower bound for the de {B}ruijn-{N}ewman constant
              {$\Lambda$}. {II}},
 BOOKTITLE = {Progress in approximation theory ({T}ampa, {FL}, 1990)},
    SERIES = {Springer Ser. Comput. Math.},
    VOLUME = {19},
     PAGES = {403--418},
 PUBLISHER = {Springer, New York},
      YEAR = {1992},
      ISBN = {0-387-97901-8},
   MRCLASS = {30D10 (11Y35)},
  MRNUMBER = {1240792},
MRREVIEWER = {G.\ Opfer},
       DOI = {10.1007/978-1-4612-2966-7\_17},
       URL = {https://doi.org/10.1007/978-1-4612-2966-7_17},
}

@incollection {odlyzko,
    AUTHOR = {Odlyzko, A. M.},
     TITLE = {An improved bound for the de {B}ruijn-{N}ewman constant},
      NOTE = {Mathematical journey through analysis, matrix theory and
              scientific computation (Kent, OH, 1999)},
   JOURNAL = {Numer. Algorithms},
  FJOURNAL = {Numerical Algorithms},
    VOLUME = {25},
      YEAR = {2000},
    NUMBER = {1-4},
     PAGES = {293--303},
      ISSN = {1017-1398,1572-9265},
   MRCLASS = {30D15 (30D20)},
  MRNUMBER = {1827160},
       DOI = {10.1023/A:1016677511798},
       URL = {https://doi.org/10.1023/A:1016677511798},
}

@phdthesis{peck_on_1996,
    author = {A. S. Peck},
    title = {On the differences between consecutive primes},
    school = {University of Oxford},
    year = {1996}
}

@article{peck_differences_1998,
	title = {Differences {Between} {Consecutive} {Primes}},
	volume = {76},
	doi = {10.1112/S0024611598000021},
	number = {1},
	journal = {Proceedings of the London Mathematical Society},
	author = {Peck, A. S.},
	month = jan,
	year = {1998},
	pages = {33--69},
}

@article {pintz_1981,
    AUTHOR = {Pintz, J.},
     TITLE = {On primes in short intervals. {I}},
   JOURNAL = {Studia Sci. Math. Hungar.},
  FJOURNAL = {Studia Scientiarum Mathematicarum Hungarica. Combinatorics,
              Geometry and Topology (CoGeTo)},
    VOLUME = {16},
      YEAR = {1981},
    NUMBER = {3-4},
     PAGES = {395--414},
      ISSN = {0081-6906,1588-2896},
   MRCLASS = {10H15},
  MRNUMBER = {729303},
MRREVIEWER = {A.\ Perelli},
}

@article{pintz_density_2023,
	title = {Density theorems for {Riemann}'s zeta-function near the line $\mathrm{Re}\,s = 1$},
	volume = {208},
	number = {1},
	journal = {Acta Arithmetica},
	author = {Pintz, J√°nos},
	year = {2023},
	pages = {1--13},
}

@article {pintz_2022,
    AUTHOR = {Pintz, J.},
     TITLE = {On the density theorem of {H}al\'asz and {T}ur\'an},
   JOURNAL = {Acta Math. Hungar.},
  FJOURNAL = {Acta Mathematica Hungarica},
    VOLUME = {166},
      YEAR = {2022},
    NUMBER = {1},
     PAGES = {48--56},
      ISSN = {0236-5294,1588-2632},
   MRCLASS = {11M26 (11M06)},
  MRNUMBER = {4385970},
MRREVIEWER = {Timothy\ S.\ Trudgian},
       DOI = {10.1007/s10474-021-01204-z},
       URL = {https://doi.org/10.1007/s10474-021-01204-z},
}

@article{phillips_zeta_1933,
        title = {The zeta-function of Riemann; further developments of van der Corput's method},
	volume = {os-4},
	number = {1},
	journal = {The Quarterly Journal of Mathematics},
	author = {Phillips, Eric},
	year = {1933},
	pages = {209--225},
}

@article {platt-trudgian,
    AUTHOR = {Platt, Dave and Trudgian, Tim},
     TITLE = {The {R}iemann hypothesis is true up to {$3\cdot10^{12}$}},
   JOURNAL = {Bull. Lond. Math. Soc.},
  FJOURNAL = {Bulletin of the London Mathematical Society},
    VOLUME = {53},
      YEAR = {2021},
    NUMBER = {3},
     PAGES = {792--797},
      ISSN = {0024-6093,1469-2120},
   MRCLASS = {11M26 (11M06)},
  MRNUMBER = {4275089},
MRREVIEWER = {Tsz\ Ho\ Chan},
       DOI = {10.1112/blms.12460},
       URL = {https://doi.org/10.1112/blms.12460},
}
@article {polymath15,
    AUTHOR = {Polymath, D. H. J.},
     TITLE = {Effective approximation of heat flow evolution of the
              {R}iemann {$\xi$} function, and a new upper bound for the de
              {B}ruijn-{N}ewman constant},
   JOURNAL = {Res. Math. Sci.},
  FJOURNAL = {Research in the Mathematical Sciences},
    VOLUME = {6},
      YEAR = {2019},
    NUMBER = {3},
     PAGES = {Paper No. 31, 67},
      ISSN = {2522-0144,2197-9847},
   MRCLASS = {30D10 (11M26 30D15)},
  MRNUMBER = {4011563},
       DOI = {10.1007/s40687-019-0193-1},
       URL = {https://doi.org/10.1007/s40687-019-0193-1},
}

@article {polya,
    AUTHOR = {P\'olya, G.},
     TITLE = {\"Uber trigonometrische {I}ntegrale mit nur reellen
              {N}ullstellen},
   JOURNAL = {J. Reine Angew. Math.},
  FJOURNAL = {Journal f\"ur die Reine und Angewandte Mathematik. [Crelle's
              Journal]},
    VOLUME = {158},
      YEAR = {1927},
     PAGES = {6--18},
      ISSN = {0075-4102,1435-5345},
   MRCLASS = {99-04},
  MRNUMBER = {1581126},
       DOI = {10.1515/crll.1927.158.6},
       URL = {https://doi.org/10.1515/crll.1927.158.6},
}

@book {Prasolov,
    AUTHOR = {Prasolov, V. V.},
     TITLE = {Polynomials},
    SERIES = {Algorithms and Computation in Mathematics},
    VOLUME = {11},
      NOTE = {Translated from the 2001 Russian second edition by Dimitry
              Leites},
 PUBLISHER = {Springer-Verlag, Berlin},
      YEAR = {2004},
     PAGES = {xiv+301},
      ISBN = {3-540-40714-6},
   MRCLASS = {12-02 (12D05 12D10 12F10 13B25 13F20)},
  MRNUMBER = {2082772},
MRREVIEWER = {S. D. Cohen},
       DOI = {10.1007/978-3-642-03980-5},
       URL = {https://ezproxy-prd.bodleian.ox.ac.uk:4563/10.1007/978-3-642-03980-5},
}

@article {ramachandra,
    AUTHOR = {Ramachandra, K.},
     TITLE = {Some problems of analytic number theory},
   JOURNAL = {Acta Arith.},
  FJOURNAL = {Polska Akademia Nauk. Instytut Matematyczny. Acta Arithmetica},
    VOLUME = {31},
      YEAR = {1976},
    NUMBER = {4},
     PAGES = {313--324},
      ISSN = {0065-1036},
   MRCLASS = {10H15 (10H10 10H25)},
  MRNUMBER = {424723},
MRREVIEWER = {W. Schwarz},
       DOI = {10.4064/aa-31-4-313-324},
       URL = {https://ezproxy-prd.bodleian.ox.ac.uk:2102/10.4064/aa-31-4-313-324},
}

@article{rankin_van_1955,
	title = {{VAN} {DER} {CORPUT}'{S} {METHOD} {AND} {THE} {THEORY} {OF} {EXPONENT} {PAIRS}},
	volume = {6},
	issn = {0033-5606, 1464-3847},
	doi = {10.1093/qmath/6.1.147},
	number = {1},
	journal = {The Quarterly Journal of Mathematics},
	author = {Rankin, R. A.},
	year = {1955},
	pages = {147--153},
}

@article {ribet,
    AUTHOR = {Ribet, Kenneth A.},
     TITLE = {On {$l$}-adic representations attached to modular forms},
   JOURNAL = {Invent. Math.},
  FJOURNAL = {Inventiones Mathematicae},
    VOLUME = {28},
      YEAR = {1975},
     PAGES = {245--275},
      ISSN = {0020-9910},
   MRCLASS = {10D05 (12A55 14G25)},
  MRNUMBER = {419358},
MRREVIEWER = {F. Oort},
       DOI = {10.1007/BF01425561},
       URL = {https://doi.org/10.1007/BF01425561},
}

@article{richert_verschrfung_1953,
	title = {{Versch\"{a}rfung} der {Absch\"{a}tzung} beim {Dirichletschen} {Teilerproblem}},
	volume = {58},
	issn = {0025-5874, 1432-1823},
	doi = {10.1007/BF01174140},
	language = {de},
	number = {1},
	journal = {Mathematische Zeitschrift},
	author = {Richert, Hans-Egon},
	month = dec,
	year = {1953},
	pages = {204--218},
}

@article{richert_uber_1957,
	title = {{\"U}ber Dirichletreihen mit Funktionalgleichung},
	volume = {11},
	journal = {Publ. Inst. Math. Acad. Serbe Sci.},
	author = {H. E. Richert},
	year = {1957},
	pages = {73--124},
}

@article {tr,
    AUTHOR = {te Riele, H. J. J.},
     TITLE = {A new lower bound for the de {B}ruijn-{N}ewman constant},
   JOURNAL = {Numer. Math.},
  FJOURNAL = {Numerische Mathematik},
    VOLUME = {58},
      YEAR = {1991},
    NUMBER = {6},
     PAGES = {661--667},
      ISSN = {0029-599X,0945-3245},
   MRCLASS = {30D10 (11M26 30D15 65E05)},
  MRNUMBER = {1083527},
MRREVIEWER = {George\ L.\ Csordas},
       DOI = {10.1007/BF01385647},
       URL = {https://doi.org/10.1007/BF01385647},
}

@phdthesis{Robert_Sargos_2001,
	title={Applications des systeÃÄmes diophantiens aux Sommes d'exponentielles},
	journal={Applications des systeÃÄmes diophantiens aux sommes d'exponentielles},
	author={Robert, Olivier and Sargos, Patrick},
  school={Nancy 1},
	year={2001}}

@article{robert_fourth_2016,
	title = {On the fourth derivative test for exponential sums},
	volume = {28},
	number = {2},
	journal = {Forum Mathematicum},
	author = {Robert, Olivier},
	month = mar,
	year = {2016},
	pages = {403--404},
}

@article{robert_fourth_2002,
	title = {A Fourth Derivative Test for Exponential Sums},
	volume = {130},
	number = {3},
	journal = {Compositio Mathematica},
	author = {Robert, O. and Sargos, P.},
	year = {2002},
	pages = {275--292},
}

@article {robert_2002,
    AUTHOR = {Robert, O.},
     TITLE = {An analogue of van der {C}orput's {$A^5$}-process for
              exponential sums},
   JOURNAL = {Mathematika},
  FJOURNAL = {Mathematika. A Journal of Pure and Applied Mathematics},
    VOLUME = {49},
      YEAR = {2002},
    NUMBER = {1-2},
     PAGES = {167--183},
      ISSN = {0025-5793},
   MRCLASS = {11L07},
  MRNUMBER = {2059052},
MRREVIEWER = {S.\ W.\ Graham},
       DOI = {10.1112/S0025579300016156},
       URL = {https://doi.org/10.1112/S0025579300016156},
}

@article {robert_2002b,
    AUTHOR = {Robert, Olivier},
     TITLE = {Quelques paires d'exposants par la m\'ethode de {V}inogradov},
   JOURNAL = {J. Th\'eor. Nombres Bordeaux},
  FJOURNAL = {Journal de Th\'eorie des Nombres de Bordeaux},
    VOLUME = {14},
      YEAR = {2002},
    NUMBER = {1},
     PAGES = {271--285},
      ISSN = {1246-7405,2118-8572},
   MRCLASS = {11L07},
  MRNUMBER = {1926003},
MRREVIEWER = {D.\ R.\ Heath-Brown},
       URL = {http://jtnb.cedram.org/item?id=JTNB_2002__14_1_271_0},
}

@article {robert_2016,
    AUTHOR = {Robert, Olivier},
     TITLE = {On van der {C}orput's {$k$}-th derivative test for exponential
              sums},
   JOURNAL = {Indag. Math. (N.S.)},
  FJOURNAL = {Koninklijke Nederlandse Akademie van Wetenschappen.
              Indagationes Mathematicae. New Series},
    VOLUME = {27},
      YEAR = {2016},
    NUMBER = {2},
     PAGES = {559--589},
      ISSN = {0019-3577,1872-6100},
   MRCLASS = {11L07 (11L03 40A05 42B35)},
  MRNUMBER = {3479173},
MRREVIEWER = {Tatjana\ L.\ Todorova},
       DOI = {10.1016/j.indag.2015.11.009},
       URL = {https://doi.org/10.1016/j.indag.2015.11.009},
}

@article {robert-sargos,
    AUTHOR = {Robert, O. and Sargos, P.},
     TITLE = {Three-dimensional exponential sums with monomials},
   JOURNAL = {J. Reine Angew. Math.},
  FJOURNAL = {Journal f\"{u}r die Reine und Angewandte Mathematik. [Crelle's
              Journal]},
    VOLUME = {591},
      YEAR = {2006},
     PAGES = {1--20},
      ISSN = {0075-4102},
   MRCLASS = {11L03 (11N36 11N37)},
  MRNUMBER = {2212877},
MRREVIEWER = {S. W. Graham},
       DOI = {10.1515/CRELLE.2006.012},
       URL = {https://doi.org/10.1515/CRELLE.2006.012},
}

@article {rodgers-tao,
    AUTHOR = {Rodgers, Brad and Tao, Terence},
     TITLE = {The de~{B}ruijn--{N}ewman constant is non-negative},
   JOURNAL = {Forum Math. Pi},
  FJOURNAL = {Forum of Mathematics. Pi},
    VOLUME = {8},
      YEAR = {2020},
     PAGES = {e6, 62},
      ISSN = {2050-5086},
   MRCLASS = {11M06},
  MRNUMBER = {4089393},
MRREVIEWER = {Timothy\ S.\ Trudgian},
       DOI = {10.1017/fmp.2020.6},
       URL = {https://doi.org/10.1017/fmp.2020.6},
}

@article{sargos_points_1995,
	title = {Points {Entiers} {Au} {Voisinage} {D}'une {Courbe}, {Sommes} {Trigonom√©triques} {Courtes} {ET} {Paires} {D}'exposants},
	volume = {s3-70},
	number = {2},
	journal = {Proceedings of the London Mathematical Society},
	author = {Sargos, Patrick},
	month = mar,
	year = {1995},
	pages = {285--312},
}

@article{sargos_analog_2003,
	title = {An analog of van der {Corput}'s $A^4$-process for exponential sums},
	volume = {110},
	number = {3},
	journal = {Acta Arithmetica},
	author = {Sargos, Patrick},
	year = {2003},
	pages = {219--231},
}

@incollection {sarnaksurvey,
    AUTHOR = {Ferenczi, S. and Ku\l aga-Przymus, J. and Lema\'{n}czyk,
              M.},
     TITLE = {Sarnak's conjecture: what's new},
 BOOKTITLE = {Ergodic theory and dynamical systems in their interactions
              with arithmetics and combinatorics},
    SERIES = {Lecture Notes in Math.},
    VOLUME = {2213},
     PAGES = {163--235},
 PUBLISHER = {Springer, Cham},
      YEAR = {2018},
   MRCLASS = {37A45 (11N05)},
  MRNUMBER = {3821717},
MRREVIEWER = {Siming Tu},
}

@article {saouter,
    AUTHOR = {Saouter, Yannick and Gourdon, Xavier and Demichel, Patrick},
     TITLE = {An improved lower bound for the de {B}ruijn-{N}ewman constant},
   JOURNAL = {Math. Comp.},
  FJOURNAL = {Mathematics of Computation},
    VOLUME = {80},
      YEAR = {2011},
    NUMBER = {276},
     PAGES = {2281--2287},
      ISSN = {0025-5718,1088-6842},
   MRCLASS = {11M26 (11-04 11Y35 11Y60)},
  MRNUMBER = {2813360},
       DOI = {10.1090/S0025-5718-2011-02472-5},
       URL = {https://doi.org/10.1090/S0025-5718-2011-02472-5},
}

@article {sarnak,
    AUTHOR = {Sarnak, P.},
     TITLE = {Mobius randomness and dynamics},
   JOURNAL = {Not. S. Afr. Math. Soc.},
  FJOURNAL = {Notices of the South African Mathematical Society. Mededelings
              van die Suid-Afrikaanse Wiskundevereniging},
    VOLUME = {43},
      YEAR = {2012},
    NUMBER = {2},
     PAGES = {89--97},
   MRCLASS = {11K31 (11A25 11N37)},
  MRNUMBER = {3014544},
MRREVIEWER = {Vilius Stakenas},
}

@article {selberg_1946,
    AUTHOR = {Selberg, Atle},
     TITLE = {Contributions to the theory of the {R}iemann zeta-function},
   JOURNAL = {Arch. Math. Naturvid.},
  FJOURNAL = {Archiv for Mathematik og Naturvidenskab},
    VOLUME = {48},
      YEAR = {1946},
    NUMBER = {5},
     PAGES = {89--155},
      ISSN = {0365-4524},
   MRCLASS = {10.0X},
  MRNUMBER = {20594},
MRREVIEWER = {E.\ C.\ Titchmarsh},
}

@article {selberg_1943,
    AUTHOR = {Selberg, Atle},
     TITLE = {On the normal density of primes in small intervals, and the
              difference between consecutive primes},
   JOURNAL = {Arch. Math. Naturvid.},
  FJOURNAL = {Archiv for Mathematik og Naturvidenskab},
    VOLUME = {47},
      YEAR = {1943},
    NUMBER = {6},
     PAGES = {87--105},
      ISSN = {0365-4524},
   MRCLASS = {10.0X},
  MRNUMBER = {12624},
MRREVIEWER = {E.\ H.\ Linfoot},
}

@article {shiu,
    AUTHOR = {Shiu, P.},
     TITLE = {A {B}run-{T}itchmarsh theorem for multiplicative functions},
   JOURNAL = {J. Reine Angew. Math.},
  FJOURNAL = {Journal f\"{u}r die Reine und Angewandte Mathematik. [Crelle's
              Journal]},
    VOLUME = {313},
      YEAR = {1980},
     PAGES = {161--170},
      ISSN = {0075-4102},
   MRCLASS = {10H25},
  MRNUMBER = {552470},
MRREVIEWER = {A. I. Vinogradov},
       DOI = {10.1515/crll.1980.313.161},
       URL = {https://doi.org/10.1515/crll.1980.313.161},
}

@article {sidorenko,
    AUTHOR = {Sidorenko, A.},
    TITLE = {A correlation inequality for bipartite graphs},
    JOURNAL = {Graphs Combin.},
    FJOURNAL = {Graphs and Combinatorics},
    VOLUME = {9},
    YEAR = {1993},
    NUMBER = {2},
    PAGES = {201--204},
    ISSN = {0911-0119},
    MRCLASS = {05C80},
    MRNUMBER = {1225933},
    DOI = {10.1007/BF02988307},
    URL = {https://doi.org/10.1007/BF02988307},
}

@article {simonic,
    AUTHOR = {Simoni\v c, Aleksander},
     TITLE = {Explicit zero density estimate for the {R}iemann zeta-function
              near the critical line},
   JOURNAL = {J. Math. Anal. Appl.},
  FJOURNAL = {Journal of Mathematical Analysis and Applications},
    VOLUME = {491},
      YEAR = {2020},
    NUMBER = {1},
     PAGES = {124303, 41},
      ISSN = {0022-247X,1096-0813},
   MRCLASS = {11M26},
  MRNUMBER = {4114203},
MRREVIEWER = {David\ John\ Platt},
       DOI = {10.1016/j.jmaa.2020.124303},
       URL = {https://doi.org/10.1016/j.jmaa.2020.124303},
}

@ARTICLE{smith-andrade,
       author = {{Smith}, K. and {Andrade}, J.},
        title = "{On Additive Divisor Sums and Partial Divisor Functions}",
      journal = {arXiv e-prints},
     keywords = {Mathematics - Number Theory, 11N37, 11M06},
         year = 2019,
        month = mar,
          eid = {arXiv:1903.01566},
        pages = {arXiv:1903.01566},
archivePrefix = {arXiv},
       eprint = {1903.01566},
 primaryClass = {math.NT},
       adsurl = {https://ui.adsabs.harvard.edu/abs/2019arXiv190301566S},
      adsnote = {Provided by the SAO/NASA Astrophysics Data System}
}

@misc{stadlmann_mean_2022,
      title={On the mean square gap between primes}, 
      author={Julia Stadlmann},
      year={2022},
      eprint={2212.10867},
      archivePrefix={arXiv},
      primaryClass={math.NT},
      url={https://arxiv.org/abs/2212.10867}, 
}

@article {sound,
    AUTHOR = {Soundararajan, K.},
    TITLE = {The {L}iouville function in short intervals},
    NOTE = {S\'{e}minaire Bourbaki. Vol. 2015/2016. Expos\'{e}s 1104--1119},
    JOURNAL = {Ast\'{e}risque},
    FJOURNAL = {Ast\'{e}risque},
    NUMBER = {390},
    YEAR = {2017},
    PAGES = {Exp. No. 1119, 453--479},
    ISSN = {0303-1179},
    ISBN = {978-2-85629-855-8},
    MRCLASS = {11N37 (11M36)},
    MRNUMBER = {3666035},
    MRREVIEWER = {Jerzy Kaczorowski}
}

@article {szego-walfisz-I,
    AUTHOR = {Szeg\"o, G. and Walfisz, A.},
     TITLE = {\"Uber das {P}iltzsche {T}eilerproblem in algebraischen
              {Z}ahlk\"orpern},
   JOURNAL = {Math. Z.},
  FJOURNAL = {Mathematische Zeitschrift},
    VOLUME = {26},
      YEAR = {1927},
    NUMBER = {1},
     PAGES = {138--156},
      ISSN = {0025-5874,1432-1823},
   MRCLASS = {99-04},
  MRNUMBER = {1544849},
       DOI = {10.1007/BF01475448},
       URL = {https://doi.org/10.1007/BF01475448},
}


@article {szego-walfisz-II,
    AUTHOR = {Szeg\"o, G. and Walfisz, A.},
     TITLE = {\"Uber das {P}iltzsche {T}eilerproblem in algebraischen
              {Z}ahlk\"orpern},
   JOURNAL = {Math. Z.},
  FJOURNAL = {Mathematische Zeitschrift},
    VOLUME = {26},
      YEAR = {1927},
    NUMBER = {1},
     PAGES = {467--486},
      ISSN = {0025-5874,1432-1823},
   MRCLASS = {99-04},
  MRNUMBER = {1544868},
       DOI = {10.1007/BF01475467},
       URL = {https://doi.org/10.1007/BF01475467},
}
@book {tao-higher,
    AUTHOR = {Tao, T.},
     TITLE = {Higher order {F}ourier analysis},
    SERIES = {Graduate Studies in Mathematics},
    VOLUME = {142},
 PUBLISHER = {American Mathematical Society, Providence, RI},
      YEAR = {2012},
     PAGES = {x+187},
      ISBN = {978-0-8218-8986-2},
   MRCLASS = {11B30 (11L07 11U07 37A45)},
  MRNUMBER = {2931680},
MRREVIEWER = {David Conlon},
       DOI = {10.1090/gsm/142},
       URL = {https://doi.org/10.1090/gsm/142},
}

@misc{tao-cheap,
  author = {Tao, T.},
  title = {A cheap version of nonstandard analysis},
  howpublished = {\url{https://terrytao.wordpress.com/2012/04/02/a-cheap-version-of-nonstandard-analysis/}},
  note = {Accessed: 2024-08-02}
}

@article {Tao,
    AUTHOR = {Tao, T.},
     TITLE = {The logarithmically averaged {C}howla and {E}lliott
              conjectures for two-point correlations},
   JOURNAL = {Forum Math. Pi},
  FJOURNAL = {Forum of Mathematics. Pi},
    VOLUME = {4},
      YEAR = {2016},
     PAGES = {e8, 36},
      ISSN = {2050-5086},
   MRCLASS = {11N37},
  MRNUMBER = {3569059},
MRREVIEWER = {Y.-F. S. P\'etermann},
       DOI = {10.1017/fmp.2016.6},
       URL = {https://doi.org/10.1017/fmp.2016.6},
}

@incollection {TaoEq,
    AUTHOR = {Tao, T.},
     TITLE = {Equivalence of the logarithmically averaged {C}howla and
              {S}arnak conjectures},
 BOOKTITLE = {Number theory---{D}iophantine problems, uniform distribution
              and applications},
     PAGES = {391--421},
 PUBLISHER = {Springer, Cham},
      YEAR = {2017},
   MRCLASS = {11N37 (11A25)},
  MRNUMBER = {3676413},
MRREVIEWER = {Olivier Bordell\`es},
}

@misc{tao-computation,
    author = {{Tao}, T.},
    title = {Heuristic computation of correlations of higher order divisor functions},
    howpublished = {Available at \par \texttt{https://terrytao.wordpress.com/2016/08/31/}}
}

@article {TaoTeravainenGeneral,
    AUTHOR = {Tao, T. and Ter\"{a}v\"{a}inen, J.},
     TITLE = {The structure of logarithmically averaged correlations of
              multiplicative functions, with applications to the {C}howla
              and {E}lliott conjectures},
   JOURNAL = {Duke Math. J.},
  FJOURNAL = {Duke Mathematical Journal},
    VOLUME = {168},
      YEAR = {2019},
    NUMBER = {11},
     PAGES = {1977--2027},
      ISSN = {0012-7094},
   MRCLASS = {11N37 (37A45)},
  MRNUMBER = {3992031},
       DOI = {10.1215/00127094-2019-0002},
       URL = {https://ezproxy-prd.bodleian.ox.ac.uk:4563/10.1215/00127094-2019-0002},
}

@article {tt-chowla,
    AUTHOR = {Tao, T. and Ter\"{a}v\"{a}inen, J.},
     TITLE = {Odd order cases of the logarithmically averaged {C}howla
              conjecture},
   JOURNAL = {J. Th\'{e}or. Nombres Bordeaux},
  FJOURNAL = {Journal de Th\'{e}orie des Nombres de Bordeaux},
    VOLUME = {30},
      YEAR = {2018},
    NUMBER = {3},
     PAGES = {997--1015},
      ISSN = {1246-7405},
   MRCLASS = {11N37},
  MRNUMBER = {3938639},
       URL = {http://ezproxy-prd.bodleian.ox.ac.uk:8281/item?id=JTNB_2018__30_3_997_0},
}

@ARTICLE{tt-quant,
       author = {{Tao}, T. and {Ter{\"a}v{\"a}inen}, J.},
        title = "{Quantitative bounds for Gowers uniformity of the M{\"o}bius and von Mangoldt functions}",
      journal = {arXiv e-prints},
     keywords = {Mathematics - Number Theory, Mathematics - Dynamical Systems, 11B30, 11N37, 37A44},
         year = 2021,
        month = jul,
          eid = {arXiv:2107.02158},
        pages = {arXiv:2107.02158},
archivePrefix = {arXiv},
       eprint = {2107.02158},
 primaryClass = {math.NT},
       adsurl = {https://ui.adsabs.harvard.edu/abs/2021arXiv210702158T},
      adsnote = {Provided by the SAO/NASA Astrophysics Data System}
}

@misc{tao-trudgian-yang,
Author = {Terence Tao and Tim Trudgian and Andrew Yang},
Title = {New exponent pairs, zero density estimates, and zero additive energy estimates: a systematic approach},
Year = {2025},
Eprint = {arXiv:2501.16779},
}

@book {tao-vu,
    AUTHOR = {Tao, T. and Vu, V. H.},
     TITLE = {Additive combinatorics},
    SERIES = {Cambridge Studies in Advanced Mathematics},
    VOLUME = {105},
 PUBLISHER = {Cambridge University Press, Cambridge},
      YEAR = {2010},
     PAGES = {xviii+512},
      ISBN = {978-0-521-13656-3},
   MRCLASS = {11-02 (05-02 05D10 11B13 11B30 11P70 11P82 28D05)},
  MRNUMBER = {2573797},
}

@article {tao-ziegler1,
    AUTHOR = {Tao, T. and Ziegler, T.},
     TITLE = {The primes contain arbitrarily long polynomial progressions},
   JOURNAL = {Acta Math.},
  FJOURNAL = {Acta Mathematica},
    VOLUME = {201},
      YEAR = {2008},
    NUMBER = {2},
     PAGES = {213--305},
      ISSN = {0001-5962},
   MRCLASS = {11N13 (11B25 37A45)},
  MRNUMBER = {2461509},
MRREVIEWER = {Ben Joseph Green},
       DOI = {10.1007/s11511-008-0032-5},
       URL = {https://ezproxy-prd.bodleian.ox.ac.uk:4563/10.1007/s11511-008-0032-5},
}

@article {tao-ziegler2,
    AUTHOR = {Tao, T. and Ziegler, T.},
     TITLE = {Polynomial patterns in the primes},
   JOURNAL = {Forum Math. Pi},
  FJOURNAL = {Forum of Mathematics. Pi},
    VOLUME = {6},
      YEAR = {2018},
     PAGES = {e1, 60},
   MRCLASS = {11B30 (11N32)},
  MRNUMBER = {3778204},
MRREVIEWER = {Vilius Stakenas},
       DOI = {10.1017/fmp.2017.3},
       URL = {https://ezproxy-prd.bodleian.ox.ac.uk:4563/10.1017/fmp.2017.3},
}

@article {tenenbaum-moyennes-corr,
    AUTHOR = {Tenenbaum, G.},
     TITLE = {Correction to: {M}oyennes effectives de fonctions
              multiplicatives complexes},
   JOURNAL = {Ramanujan J.},
  FJOURNAL = {Ramanujan Journal. An International Journal Devoted to the
              Areas of Mathematics Influenced by Ramanujan},
    VOLUME = {53},
      YEAR = {2020},
    NUMBER = {1},
     PAGES = {243--244},
      ISSN = {1382-4090},
   MRCLASS = {11N56 (11K65 11N37 11N60 11N64)},
  MRNUMBER = {4148467},
       DOI = {10.1007/s11139-020-00297-4},
       URL = {https://ezproxy-prd.bodleian.ox.ac.uk:2102/10.1007/s11139-020-00297-4},
}

@article {tenenbaum-moyennes,
    AUTHOR = {Tenenbaum, G.},
     TITLE = {Moyennes effectives de fonctions multiplicatives complexes},
   JOURNAL = {Ramanujan J.},
  FJOURNAL = {Ramanujan Journal. An International Journal Devoted to the
              Areas of Mathematics Influenced by Ramanujan},
    VOLUME = {44},
      YEAR = {2017},
    NUMBER = {3},
     PAGES = {641--701},
      ISSN = {1382-4090},
   MRCLASS = {11N56 (11K65 11N37 11N60 11N64)},
  MRNUMBER = {3723446},
MRREVIEWER = {Vilius Stakenas},
       DOI = {10.1007/s11139-017-9949-7},
       URL = {https://ezproxy-prd.bodleian.ox.ac.uk:2102/10.1007/s11139-017-9949-7},
}

@article {Teravainen,
     title = {Almost primes in almost all short intervals},
     volume = {161},
     DOI = {10.1017/S0305004116000232},
     number = {2},
     journal = {Math. Proc. Camb. Phil. Soc.},
     publisher = {Cambridge University Press},
     author = {Ter{\"a}v{\"a}inen, J.},
     year = {2016},
     pages = {247--281}
}

@article{titchmarsh_van_1931,
    author = {Titchmarsh, E. C.},
    title = "{On van der Corput's method and the zeta-function of Riemann (II)}",
    journal = {The Quarterly Journal of Mathematics},
    volume = {os-2},
    number = {1},
    pages = {313-320},
    year = {1931},
    month = {01}
}

@article{titchmarsh_divisor_1938,
	title = {{ON} {DIVISOR} {PROBLEMS}},
	volume = {os-9},
	doi = {10.1093/qmath/os-9.1.216},
	number = {1},
	journal = {The Quarterly Journal of Mathematics},
	author = {Titchmarsh, E. C.},
	year = {1938},
	pages = {216--220},
}

@article{titchmarsh_order_1942,
	title = {On the order of $\zeta(1/2 + it)$},
	volume = {os-13},
	number = {1},
	journal = {The Quarterly Journal of Mathematics},
	author = {Titchmarsh, E. C.},
	year = {1942},
	pages = {11--17},
}

@book{titchmarsh_theory_1986,
	address = {Oxford},
	title = {The {Theory} of the {Riemann} {Zeta}-function},
	publisher = {Oxford Science Publications},
	author = {Titchmarsh, E. C.},
	year = {1986},
}

@misc{trudgian-yang,
Author = {Timothy S. Trudgian and Andrew Yang},
Title = {Toward optimal exponent pairs},
Year = {2023},
Eprint = {arXiv:2306.05599},
}

@article {turan,
    AUTHOR = {Tur\'an, P.},
     TITLE = {On a density theorem of {Y}u. {V}. {L}innik},
   JOURNAL = {Magyar Tud. Akad. Mat. Kutat\'o{} Int. K\"ozl.},
  FJOURNAL = {A Magyar Tudom\'anyos Akad\'emia. Matematikai Kutat\'o{}
              Int\'ezet\'enek K\"ozlem\'enyei},
    VOLUME = {6},
      YEAR = {1961},
     PAGES = {165--179},
      ISSN = {0541-9514},
   MRCLASS = {10.63},
  MRNUMBER = {146155},
MRREVIEWER = {W.\ J.\ LeVeque},
}

@article{van_der_corput_verscharfung_1922,
	title = {Versch√§rfung der {Absch√§tzung} beim {Teilerproblem}},
	volume = {87},
	issn = {0025-5831, 1432-1807},
	doi = {10.1007/BF01458035},
	language = {de},
	number = {1-2},
	journal = {Mathematische Annalen},
	author = {Corput, J. G. v. d.},
	month = mar,
	year = {1922},
	pages = {39--65},
}

@article{van_der_corput_zum_1928,
	title = {Zum {Teilerproblem}},
	volume = {98},
	doi = {10.1007/BF01451619},
	number = {1},
	journal = {Mathematische Annalen},
	author = {Corput, J. G. v. d.},
	month = mar,
	year = {1928},
	pages = {697--716},
}

@article {vinogradov-divisor,
    AUTHOR = {Vinogradov, A. I.},
     TITLE = {{${\rm SL}_n$} techniques and the density conjecture},
   JOURNAL = {Zap. Nauchn. Sem. Leningrad. Otdel. Mat. Inst. Steklov.
              (LOMI)},
  FJOURNAL = {Zapiski Nauchnykh Seminarov Leningradskogo Otdeleniya
              Matematicheskogo Instituta imeni V. A. Steklova Akademii Nauk
              SSSR (LOMI)},
    VOLUME = {168},
      YEAR = {1988},
     PAGES = {5--10, 187},
      ISSN = {0373-2703},
   MRCLASS = {11M26 (11F55)},
  MRNUMBER = {982478},
MRREVIEWER = {I.\ Piatetski-Shapiro},
       DOI = {10.1007/BF01303645},
       URL = {https://doi.org/10.1007/BF01303645},
}

@book {vinogradov,
    AUTHOR = {Vinogradov, I. M.},
     TITLE = {The method of trigonometrical sums in the theory of numbers},
      NOTE = {Translated from the Russian, revised and annotated by K. F.
              Roth and Anne Davenport,
              Reprint of the 1954 translation},
 PUBLISHER = {Dover Publications, Inc., Mineola, NY},
      YEAR = {2004},
     PAGES = {x+180},
      ISBN = {0-486-43878-3},
   MRCLASS = {11Lxx (01A75)},
  MRNUMBER = {2104806},
}

@article{voronoi_sur_1903,
    author = {Voronoi, Georges},
    journal = {Journal f√ºr die reine und angewandte Mathematik},
    pages = {241-282},
    title = {Sur un probl\`{e}me du calcul des fonctions asymptotiques},
    volume = {126},
    year = {1903},
}

@article{walfisz_1924,
	title = {Zur Absch\"atzung von $\zeta(1/2 + it)$},
	journal = {Nachr. Ges. Wiss. G\"ottingen, math.-phys},
	author = {Robert, Olivier},
	year = {1924},
	pages = {155--158},
}

@article{walfisz_uber_1926,
	title = {√úber zwei {Gitterpunktprobleme}},
	volume = {95},
	issn = {0025-5831, 1432-1807},
	doi = {10.1007/BF01206596},
	language = {de},
	number = {1},
	journal = {Mathematische Annalen},
	author = {Walfisz, Arnold},
	month = dec,
	year = {1926},
	pages = {69--83},
}

@article {Walsh,
    AUTHOR = {Walsh, M. N.},
     TITLE = {Local uniformity through larger scales},
   JOURNAL = {Geom. Funct. Anal.},
  FJOURNAL = {Geometric and Functional Analysis},
    VOLUME = {31},
      YEAR = {2021},
    NUMBER = {4},
     PAGES = {981--991},
      ISSN = {1016-443X},
   MRCLASS = {11N37},
  MRNUMBER = {4317509},
MRREVIEWER = {Peter Shiu},
       DOI = {10.1007/s00039-021-00570-8},
       URL = {https://doi.org/10.1007/s00039-021-00570-8},
}

@article {Walsh2,
       author = {{Walsh}, M. N.},
        title = "{Phase relations and pyramids}",
      journal = {arXiv e-prints},
     keywords = {Mathematics - Number Theory},
         year = 2023,
        month = apr,
          eid = {arXiv:2304.09792},
        pages = {arXiv:2304.09792},
          doi = {10.48550/arXiv.2304.09792},
archivePrefix = {arXiv},
       eprint = {2304.09792},
 primaryClass = {math.NT},
       adsurl = {https://ui.adsabs.harvard.edu/abs/2023arXiv230409792W},
      adsnote = {Provided by the SAO/NASA Astrophysics Data System}
}

@misc{walsh3,
    Author = {Miguel N. Walsh},
    Title = {Stability under scaling in the local phases of multiplicative functions},
    Year = {2023},
    Eprint = {arXiv:2310.07873},
}

@article{watt_exponential_1989,
	title = {Exponential {Sums} and the {Riemann} {Zeta}-{Function} {II}},
	volume = {s2-39},
	number = {3},
	journal = {Journal of the London Mathematical Society},
	author = {Watt, N.},
	month = jun,
	year = {1989},
	pages = {385--404},
}

@article {watt_short_1995,
    AUTHOR = {Watt, N.},
     TITLE = {Short intervals almost all containing primes},
   JOURNAL = {Acta Arith.},
  FJOURNAL = {Acta Arithmetica},
    VOLUME = {72},
      YEAR = {1995},
    NUMBER = {2},
     PAGES = {131--167},
      ISSN = {0065-1036,1730-6264},
   MRCLASS = {11N05 (11N36)},
  MRNUMBER = {1347260},
MRREVIEWER = {D.\ R.\ Heath-Brown},
       DOI = {10.4064/aa-72-2-131-167},
       URL = {https://doi.org/10.4064/aa-72-2-131-167},
}

@article {wild_1955,
    AUTHOR = {Wild, Roy E.},
     TITLE = {On the number of primitive {P}ythagorean triangles with area
              less than {$n$}},
   JOURNAL = {Pacific J. Math.},
  FJOURNAL = {Pacific Journal of Mathematics},
    VOLUME = {5},
      YEAR = {1955},
     PAGES = {85--91},
      ISSN = {0030-8730,1945-5844},
   MRCLASS = {10.0X},
  MRNUMBER = {67912},
MRREVIEWER = {D.\ H.\ Lehmer}
}

@article {wolke_1975,
    AUTHOR = {Wolke, Dieter},
     TITLE = {Grosse {D}ifferenzen zwischen aufeinanderfolgenden
              {P}rimzahlen},
   JOURNAL = {Math. Ann.},
  FJOURNAL = {Mathematische Annalen},
    VOLUME = {218},
      YEAR = {1975},
    NUMBER = {3},
     PAGES = {269--271},
      ISSN = {0025-5831,1432-1807},
   MRCLASS = {10H15},
  MRNUMBER = {453670},
MRREVIEWER = {Karl-Heinz\ Indlekofer},
       DOI = {10.1007/BF01349699},
       URL = {https://doi.org/10.1007/BF01349699},
}

@phdthesis{wong_thesis_1996,
	title={Contribution to analytic number theory},
	author={K. C. Wong},
  school={Cardiff},
	year={1996}}

@article{yu_differences_1996,
	title = {The {Differences} {Between} {Consecutive} {Primes}},
	volume = {28},
	issn = {00246093},
	doi = {10.1112/blms/28.3.242},
	number = {3},
	urldate = {2025-02-09},
	journal = {Bulletin of the London Mathematical Society},
	author = {Yu, Gang},
	month = may,
	year = {1996},
	pages = {242--248},
}

@article{yuh_divisor_1958,
	title = {A divisor problem},
	volume = {8},
	journal = {Acta Math. Sinica},
	author = {Y{\"u}h, Ming-i},
	year = {1958},
	pages = {496--506},
}

@article{yuh_wu_divisor_1962,
	title = {On the divisor problem for $d_3(n)$},
	volume = {11},
	journal = {Sci. Sinica},
	author = {Y\"uh, Ming-i and Wu, Fang},
	year = {1962},
	pages = {1055--1060},
}

@article {Zaccagnini,
    AUTHOR = {Zaccagnini, A.},
    TITLE = {Primes in almost all short intervals},
    JOURNAL = {Acta Arith.},
    FJOURNAL = {Acta Arithmetica},
    VOLUME = {84},
    YEAR = {1998},
    NUMBER = {3},
    PAGES = {225--244},
    ISSN = {0065-1036},
    MRCLASS = {11N05 (11N36)},
    MRNUMBER = {1617735},
    MRREVIEWER = {Nigel Watt},
    DOI = {10.4064/aa-84-3-225-244},
    URL = {https://doi.org/10.4064/aa-84-3-225-244}
}

@article {Zhan,
    AUTHOR = {Zhan, T.},
     TITLE = {On the representation of large odd integer as a sum of three
              almost equal primes},
      NOTE = {A Chinese summary appears in Acta Math. Sinica {{\bf{35}}}
              (1992), no. 4, 575},
   JOURNAL = {Acta Math. Sinica (N.S.)},
  FJOURNAL = {Acta Mathematica Sinica. New Series},
    VOLUME = {7},
      YEAR = {1991},
    NUMBER = {3},
     PAGES = {259--272},
      ISSN = {1000-9574},
   MRCLASS = {11P32 (11M06)},
  MRNUMBER = {1141240},
MRREVIEWER = {D. R. Heath-Brown},
       DOI = {10.1007/BF02583003},
       URL = {https://doi.org/10.1007/BF02583003},
}
